%YAML 1.1
%TAG !u! tag:unity3d.com,2011:
--- !u!91 &9100000
AnimatorController:
  m_ObjectHideFlags: 0
  m_PrefabParentObject: {fileID: 0}
  m_PrefabInternal: {fileID: 0}
  m_Name: PPlate
  serializedVersion: 2
  m_AnimatorParameters:
  - m_Name: hasObject
    m_Type: 4
    m_DefaultFloat: 0
    m_DefaultInt: 0
    m_DefaultBool: 0
    m_Controller: {fileID: 9100000}
  m_AnimatorLayers:
  - serializedVersion: 3
    m_Name: Base Layer
    m_StateMachine: {fileID: 110700000}
    m_Mask: {fileID: 0}
    m_BlendingMode: 0
    m_SyncedLayerIndex: -1
    m_StateMachineMotionSetIndex: 0
    m_DefaultWeight: 0
    m_IKPass: 0
    m_SyncedLayerAffectsTiming: 0
    m_Controller: {fileID: 9100000}
--- !u!1101 &110100000
Transition:
  m_ObjectHideFlags: 3
  m_PrefabParentObject: {fileID: 0}
  m_PrefabInternal: {fileID: 0}
  m_Name: 
  m_SrcState: {fileID: 110225373}
  m_DstState: {fileID: 110200000}
  m_TransitionDuration: 3
  m_TransitionOffset: 0
  m_Conditions:
  - m_ConditionMode: 1
    m_ConditionEvent: hasObject
    m_EventTreshold: 0
    m_ExitTime: 0
  m_Atomic: 1
  m_Solo: 0
  m_Mute: 0
--- !u!1101 &110109163
Transition:
  m_ObjectHideFlags: 3
  m_PrefabParentObject: {fileID: 0}
  m_PrefabInternal: {fileID: 0}
  m_Name: 
  m_SrcState: {fileID: 110216468}
  m_DstState: {fileID: 110225373}
  m_TransitionDuration: .5
  m_TransitionOffset: 0
  m_Conditions:
  - m_ConditionMode: 5
    m_ConditionEvent: hasObject
    m_EventTreshold: 0
    m_ExitTime: .5
  m_Atomic: 1
  m_Solo: 0
  m_Mute: 0
--- !u!1101 &110110355
Transition:
  m_ObjectHideFlags: 3
  m_PrefabParentObject: {fileID: 0}
  m_PrefabInternal: {fileID: 0}
  m_Name: 
  m_SrcState: {fileID: 110200000}
  m_DstState: {fileID: 110237625}
  m_TransitionDuration: .5
  m_TransitionOffset: 0
  m_Conditions:
  - m_ConditionMode: 5
    m_ConditionEvent: hasObject
    m_EventTreshold: 0
    m_ExitTime: .5
  m_Atomic: 1
  m_Solo: 0
  m_Mute: 0
--- !u!1101 &110168994
Transition:
  m_ObjectHideFlags: 3
  m_PrefabParentObject: {fileID: 0}
  m_PrefabInternal: {fileID: 0}
  m_Name: 
  m_SrcState: {fileID: 110237625}
  m_DstState: {fileID: 110216468}
  m_TransitionDuration: 3
  m_TransitionOffset: 0
  m_Conditions:
  - m_ConditionMode: 2
    m_ConditionEvent: hasObject
    m_EventTreshold: 0
    m_ExitTime: 0
  m_Atomic: 1
  m_Solo: 0
  m_Mute: 0
--- !u!1102 &110200000
State:
  m_ObjectHideFlags: 3
  m_PrefabParentObject: {fileID: 0}
  m_PrefabInternal: {fileID: 0}
  m_Name: plateDepress
  m_Speed: 1
  m_CycleOffset: 0
  m_Motions:
  - {fileID: 7400000, guid: 34a73b3ac2cb2634f9cf681bb209dabc, type: 2}
  m_ParentStateMachine: {fileID: 110700000}
  m_Position: {x: 96, y: 24, z: 0}
  m_IKOnFeet: 0
  m_Mirror: 0
  m_Tag: 
--- !u!1102 &110216468
State:
  m_ObjectHideFlags: 3
  m_PrefabParentObject: {fileID: 0}
  m_PrefabInternal: {fileID: 0}
  m_Name: plateLift
  m_Speed: 1
  m_CycleOffset: 0
  m_Motions:
  - {fileID: 7400000, guid: 5c303d91e3737f1499282c105f9ea568, type: 2}
  m_ParentStateMachine: {fileID: 110700000}
  m_Position: {x: 324, y: 132, z: 0}
  m_IKOnFeet: 0
  m_Mirror: 0
  m_Tag: 
--- !u!1102 &110225373
State:
  m_ObjectHideFlags: 3
  m_PrefabParentObject: {fileID: 0}
  m_PrefabInternal: {fileID: 0}
  m_Name: plateIdleLifted
  m_Speed: 1
  m_CycleOffset: 0
  m_Motions:
  - {fileID: 7400000, guid: d1e21768a26c5de4c864e9169a53e68d, type: 2}
  m_ParentStateMachine: {fileID: 110700000}
  m_Position: {x: 84, y: 120, z: 0}
  m_IKOnFeet: 0
  m_Mirror: 0
  m_Tag: 
--- !u!1102 &110237625
State:
  m_ObjectHideFlags: 3
  m_PrefabParentObject: {fileID: 0}
  m_PrefabInternal: {fileID: 0}
  m_Name: plateIdleDepressed
  m_Speed: 1
  m_CycleOffset: 0
  m_Motions:
  - {fileID: 7400000, guid: 7560a2820e405904fa236f28995d3a57, type: 2}
  m_ParentStateMachine: {fileID: 110700000}
  m_Position: {x: 324, y: 0, z: 0}
  m_IKOnFeet: 0
  m_Mirror: 0
  m_Tag: 
--- !u!1107 &110700000
StateMachine:
  serializedVersion: 2
  m_ObjectHideFlags: 3
  m_PrefabParentObject: {fileID: 0}
  m_PrefabInternal: {fileID: 0}
  m_Name: Base Layer
  m_DefaultState: {fileID: 110225373}
  m_States:
  - {fileID: 110200000}
  - {fileID: 110216468}
  - {fileID: 110225373}
  - {fileID: 110237625}
  m_ChildStateMachine: []
  m_ChildStateMachinePosition: []
  m_OrderedTransitions:
    data:
      first: {fileID: 110225373}
      second:
      - {fileID: 110100000}
    data:
      first: {fileID: 110200000}
      second:
      - {fileID: 110110355}
    data:
      first: {fileID: 110216468}
      second:
      - {fileID: 110109163}
    data:
      first: {fileID: 110237625}
      second:
      - {fileID: 110168994}
  m_MotionSetCount: 1
  m_AnyStatePosition: {x: -132, y: 12, z: 0}
  m_ParentStateMachinePosition: {x: 800, y: 20, z: 0}
