%YAML 1.1
%TAG !u! tag:unity3d.com,2011:
--- !u!29 &1
SceneSettings:
  m_ObjectHideFlags: 0
  m_PVSData: 
  m_PVSObjectsArray: []
  m_PVSPortalsArray: []
  m_OcclusionBakeSettings:
    smallestOccluder: 5
    smallestHole: .25
    backfaceThreshold: 100
--- !u!104 &2
RenderSettings:
  m_Fog: 0
  m_FogColor: {r: .5, g: .5, b: .5, a: 1}
  m_FogMode: 3
  m_FogDensity: .00999999978
  m_LinearFogStart: 0
  m_LinearFogEnd: 300
  m_AmbientLight: {r: .200000003, g: .200000003, b: .200000003, a: 1}
  m_SkyboxMaterial: {fileID: 0}
  m_HaloStrength: .5
  m_FlareStrength: 1
  m_FlareFadeSpeed: 3
  m_HaloTexture: {fileID: 0}
  m_SpotCookie: {fileID: 0}
  m_ObjectHideFlags: 0
--- !u!127 &3
LevelGameManager:
  m_ObjectHideFlags: 0
--- !u!157 &4
LightmapSettings:
  m_ObjectHideFlags: 0
  m_LightProbes: {fileID: 0}
  m_Lightmaps: []
  m_LightmapsMode: 1
  m_BakedColorSpace: 0
  m_UseDualLightmapsInForward: 0
  m_LightmapEditorSettings:
    m_Resolution: 50
    m_LastUsedResolution: 0
    m_TextureWidth: 1024
    m_TextureHeight: 1024
    m_BounceBoost: 1
    m_BounceIntensity: 1
    m_SkyLightColor: {r: .860000014, g: .930000007, b: 1, a: 1}
    m_SkyLightIntensity: 0
    m_Quality: 0
    m_Bounces: 1
    m_FinalGatherRays: 1000
    m_FinalGatherContrastThreshold: .0500000007
    m_FinalGatherGradientThreshold: 0
    m_FinalGatherInterpolationPoints: 15
    m_AOAmount: 0
    m_AOMaxDistance: .100000001
    m_AOContrast: 1
    m_LODSurfaceMappingDistance: 1
    m_Padding: 0
    m_TextureCompression: 0
    m_LockAtlas: 0
--- !u!196 &5
NavMeshSettings:
  m_ObjectHideFlags: 0
  m_BuildSettings:
    agentRadius: .5
    agentHeight: 2
    agentSlope: 45
    agentClimb: .400000006
    ledgeDropHeight: 0
    maxJumpAcrossDistance: 0
    accuratePlacement: 0
    minRegionArea: 2
    widthInaccuracy: 16.666666
    heightInaccuracy: 10
  m_NavMesh: {fileID: 0}
--- !u!1 &17531157
GameObject:
  m_ObjectHideFlags: 0
  m_PrefabParentObject: {fileID: 100056, guid: 1d447d051c26ea04caa02aa1711555fc, type: 2}
  m_PrefabInternal: {fileID: 0}
  serializedVersion: 4
  m_Component:
  - 4: {fileID: 17531158}
  m_Layer: 0
  m_Name: RightEye
  m_TagString: Untagged
  m_Icon: {fileID: 0}
  m_NavMeshLayer: 0
  m_StaticEditorFlags: 0
  m_IsActive: 1
--- !u!4 &17531158
Transform:
  m_ObjectHideFlags: 0
  m_PrefabParentObject: {fileID: 400056, guid: 1d447d051c26ea04caa02aa1711555fc, type: 2}
  m_PrefabInternal: {fileID: 0}
  m_GameObject: {fileID: 17531157}
  m_LocalRotation: {x: 0, y: -0, z: -0, w: 1}
  m_LocalPosition: {x: .0357169993, y: .0765711218, z: .1158223}
  m_LocalScale: {x: 1, y: 1, z: 1}
  m_Children: []
  m_Father: {fileID: 334484615}
--- !u!1 &21069547
GameObject:
  m_ObjectHideFlags: 0
  m_PrefabParentObject: {fileID: 100100, guid: 1d447d051c26ea04caa02aa1711555fc, type: 2}
  m_PrefabInternal: {fileID: 0}
  serializedVersion: 4
  m_Component:
  - 4: {fileID: 21069548}
  m_Layer: 0
  m_Name: LeftHandIndex3
  m_TagString: Untagged
  m_Icon: {fileID: 0}
  m_NavMeshLayer: 0
  m_StaticEditorFlags: 0
  m_IsActive: 1
--- !u!4 &21069548
Transform:
  m_ObjectHideFlags: 0
  m_PrefabParentObject: {fileID: 400100, guid: 1d447d051c26ea04caa02aa1711555fc, type: 2}
  m_PrefabInternal: {fileID: 0}
  m_GameObject: {fileID: 21069547}
  m_LocalRotation: {x: 0, y: -0, z: -0, w: 1}
  m_LocalPosition: {x: -.0339111947, y: -5.68434176e-16, z: -2.22042118e-18}
  m_LocalScale: {x: 1, y: 1, z: 1}
  m_Children:
  - {fileID: 124963762}
  m_Father: {fileID: 2057732110}
--- !u!1 &32499196
GameObject:
  m_ObjectHideFlags: 0
  m_PrefabParentObject: {fileID: 100052, guid: 1d447d051c26ea04caa02aa1711555fc, type: 2}
  m_PrefabInternal: {fileID: 0}
  serializedVersion: 4
  m_Component:
  - 4: {fileID: 32499197}
  m_Layer: 0
  m_Name: RightHand
  m_TagString: Untagged
  m_Icon: {fileID: 0}
  m_NavMeshLayer: 0
  m_StaticEditorFlags: 0
  m_IsActive: 1
--- !u!4 &32499197
Transform:
  m_ObjectHideFlags: 0
  m_PrefabParentObject: {fileID: 400052, guid: 1d447d051c26ea04caa02aa1711555fc, type: 2}
  m_PrefabInternal: {fileID: 0}
  m_GameObject: {fileID: 32499196}
  m_LocalRotation: {x: 0, y: -0, z: -0, w: 1}
  m_LocalPosition: {x: .278737783, y: 0, z: 0}
  m_LocalScale: {x: 1, y: 1, z: 1}
  m_Children:
  - {fileID: 1694577184}
  - {fileID: 53897554}
  - {fileID: 1545343262}
  - {fileID: 1827816002}
  - {fileID: 1719337684}
  m_Father: {fileID: 2106096528}
--- !u!1 &53897553
GameObject:
  m_ObjectHideFlags: 0
  m_PrefabParentObject: {fileID: 100114, guid: 1d447d051c26ea04caa02aa1711555fc, type: 2}
  m_PrefabInternal: {fileID: 0}
  serializedVersion: 4
  m_Component:
  - 4: {fileID: 53897554}
  m_Layer: 0
  m_Name: RightHandMiddle1
  m_TagString: Untagged
  m_Icon: {fileID: 0}
  m_NavMeshLayer: 0
  m_StaticEditorFlags: 0
  m_IsActive: 1
--- !u!4 &53897554
Transform:
  m_ObjectHideFlags: 0
  m_PrefabParentObject: {fileID: 400114, guid: 1d447d051c26ea04caa02aa1711555fc, type: 2}
  m_PrefabInternal: {fileID: 0}
  m_GameObject: {fileID: 53897553}
  m_LocalRotation: {x: 0, y: 0, z: -.0967943519, w: .995304406}
  m_LocalPosition: {x: .108118206, y: .00409414526, z: .00427818298}
  m_LocalScale: {x: 1, y: 1, z: 1}
  m_Children:
  - {fileID: 1219207334}
  m_Father: {fileID: 32499197}
--- !u!1 &73738753
GameObject:
  m_ObjectHideFlags: 0
  m_PrefabParentObject: {fileID: 100112, guid: 1d447d051c26ea04caa02aa1711555fc, type: 2}
  m_PrefabInternal: {fileID: 0}
  serializedVersion: 4
  m_Component:
  - 4: {fileID: 73738754}
  - 137: {fileID: 73738755}
  m_Layer: 0
  m_Name: Glasses
  m_TagString: Untagged
  m_Icon: {fileID: 0}
  m_NavMeshLayer: 0
  m_StaticEditorFlags: 0
  m_IsActive: 1
--- !u!4 &73738754
Transform:
  m_ObjectHideFlags: 0
  m_PrefabParentObject: {fileID: 400112, guid: 1d447d051c26ea04caa02aa1711555fc, type: 2}
  m_PrefabInternal: {fileID: 0}
  m_GameObject: {fileID: 73738753}
  m_LocalRotation: {x: 0, y: -0, z: 0, w: 1}
  m_LocalPosition: {x: 0, y: 0, z: 0}
  m_LocalScale: {x: 1, y: 1, z: 1}
  m_Children: []
  m_Father: {fileID: 1268975894}
--- !u!137 &73738755
SkinnedMeshRenderer:
  m_ObjectHideFlags: 0
  m_PrefabParentObject: {fileID: 13700002, guid: 1d447d051c26ea04caa02aa1711555fc,
    type: 2}
  m_PrefabInternal: {fileID: 0}
  m_GameObject: {fileID: 73738753}
  m_Enabled: 1
  m_CastShadows: 1
  m_ReceiveShadows: 1
  m_LightmapIndex: 255
  m_LightmapTilingOffset: {x: 1, y: 1, z: 0, w: 0}
  m_Materials:
  - {fileID: 2100000, guid: 290b1757c5acfe341b17f753e37276ce, type: 2}
  - {fileID: 2100000, guid: f48d6a0fa3407e843931ad7d9d1f9a49, type: 2}
  m_SubsetIndices: 
  m_StaticBatchRoot: {fileID: 0}
  m_UseLightProbes: 0
  m_LightProbeAnchor: {fileID: 0}
  m_ScaleInLightmap: 1
  m_SortingLayer: 0
  m_SortingOrder: 0
  m_SortingLayerID: 0
  serializedVersion: 2
  m_Quality: 0
  m_UpdateWhenOffscreen: 0
  m_Mesh: {fileID: 4300000, guid: d22c6018a8c27ba40a99183394ebc4c4, type: 3}
  m_Bones:
  - {fileID: 334484615}
  - {fileID: 2138130531}
  - {fileID: 17531158}
  - {fileID: 949194933}
  - {fileID: 2071486101}
  - {fileID: 1577460633}
  - {fileID: 1322539475}
  - {fileID: 542531075}
  - {fileID: 468329660}
  - {fileID: 860636058}
  - {fileID: 2124104122}
  - {fileID: 1629964212}
  - {fileID: 1008263185}
  - {fileID: 2103207613}
  - {fileID: 1593004040}
  - {fileID: 1466518856}
  m_BlendShapeWeights: []
  m_RootBone: {fileID: 334484615}
  m_AABB:
    m_Center: {x: -.00437068194, y: .0693395138, z: .0662837327}
    m_Extent: {x: .110930502, y: .0246750116, z: .0918431133}
  m_DirtyAABB: 0
--- !u!1 &84091295
GameObject:
  m_ObjectHideFlags: 0
  m_PrefabParentObject: {fileID: 100130, guid: 1d447d051c26ea04caa02aa1711555fc, type: 2}
  m_PrefabInternal: {fileID: 0}
  serializedVersion: 4
  m_Component:
  - 4: {fileID: 84091296}
  m_Layer: 0
  m_Name: RightHandThumb3
  m_TagString: Untagged
  m_Icon: {fileID: 0}
  m_NavMeshLayer: 0
  m_StaticEditorFlags: 0
  m_IsActive: 1
--- !u!4 &84091296
Transform:
  m_ObjectHideFlags: 0
  m_PrefabParentObject: {fileID: 400130, guid: 1d447d051c26ea04caa02aa1711555fc, type: 2}
  m_PrefabInternal: {fileID: 0}
  m_GameObject: {fileID: 84091295}
  m_LocalRotation: {x: 0, y: -0, z: -0, w: 1}
  m_LocalPosition: {x: .044165276, y: -.0137026245, z: .0213502329}
  m_LocalScale: {x: 1, y: 1, z: 1}
  m_Children:
  - {fileID: 1033799616}
  m_Father: {fileID: 1008540870}
--- !u!1 &110428774
GameObject:
  m_ObjectHideFlags: 0
  m_PrefabParentObject: {fileID: 100160, guid: 1d447d051c26ea04caa02aa1711555fc, type: 2}
  m_PrefabInternal: {fileID: 0}
  serializedVersion: 4
  m_Component:
  - 4: {fileID: 110428775}
  m_Layer: 0
  m_Name: LeftFootToeBase_End
  m_TagString: Untagged
  m_Icon: {fileID: 0}
  m_NavMeshLayer: 0
  m_StaticEditorFlags: 0
  m_IsActive: 1
--- !u!4 &110428775
Transform:
  m_ObjectHideFlags: 0
  m_PrefabParentObject: {fileID: 400160, guid: 1d447d051c26ea04caa02aa1711555fc, type: 2}
  m_PrefabInternal: {fileID: 0}
  m_GameObject: {fileID: 110428774}
  m_LocalRotation: {x: 0, y: -0, z: -0, w: 1}
  m_LocalPosition: {x: -0, y: 8.67361719e-21, z: .126999989}
  m_LocalScale: {x: 1, y: 1, z: 1}
  m_Children: []
  m_Father: {fileID: 1067707223}
--- !u!1 &119737125
GameObject:
  m_ObjectHideFlags: 0
  m_PrefabParentObject: {fileID: 0}
  m_PrefabInternal: {fileID: 0}
  serializedVersion: 4
  m_Component:
  - 4: {fileID: 119737128}
  - 23: {fileID: 119737127}
  - 102: {fileID: 119737126}
  m_Layer: 0
  m_Name: New Text
  m_TagString: Untagged
  m_Icon: {fileID: 0}
  m_NavMeshLayer: 0
  m_StaticEditorFlags: 0
  m_IsActive: 1
--- !u!102 &119737126
TextMesh:
  serializedVersion: 3
  m_ObjectHideFlags: 0
  m_PrefabParentObject: {fileID: 0}
  m_PrefabInternal: {fileID: 0}
  m_GameObject: {fileID: 119737125}
  m_Text: To be continued... ?
  m_OffsetZ: 0
  m_CharacterSize: 1
  m_LineSpacing: 1
  m_Anchor: 0
  m_Alignment: 0
  m_TabSize: 4
  m_FontSize: 100
  m_FontStyle: 0
  m_RichText: 1
  m_Font: {fileID: 12800000, guid: cace7d929097a5d47ab6ee77d6d31489, type: 3}
  m_Color:
    serializedVersion: 2
    rgba: 4294967295
--- !u!23 &119737127
Renderer:
  m_ObjectHideFlags: 0
  m_PrefabParentObject: {fileID: 0}
  m_PrefabInternal: {fileID: 0}
  m_GameObject: {fileID: 119737125}
  m_Enabled: 1
  m_CastShadows: 1
  m_ReceiveShadows: 1
  m_LightmapIndex: 255
  m_LightmapTilingOffset: {x: 1, y: 1, z: 0, w: 0}
  m_Materials:
  - {fileID: 2100000, guid: cace7d929097a5d47ab6ee77d6d31489, type: 3}
  m_SubsetIndices: 
  m_StaticBatchRoot: {fileID: 0}
  m_UseLightProbes: 0
  m_LightProbeAnchor: {fileID: 0}
  m_ScaleInLightmap: 1
  m_SortingLayer: 0
  m_SortingOrder: 0
  m_SortingLayerID: 0
--- !u!4 &119737128
Transform:
  m_ObjectHideFlags: 0
  m_PrefabParentObject: {fileID: 0}
  m_PrefabInternal: {fileID: 0}
  m_GameObject: {fileID: 119737125}
  m_LocalRotation: {x: .702711046, y: 0, z: 0, w: .711475432}
  m_LocalPosition: {x: -4.40477705, y: -3.20381117, z: -4.78890991}
  m_LocalScale: {x: .11871925, y: .11871925, z: .11871925}
  m_Children: []
  m_Father: {fileID: 0}
--- !u!1 &124963761
GameObject:
  m_ObjectHideFlags: 0
  m_PrefabParentObject: {fileID: 100098, guid: 1d447d051c26ea04caa02aa1711555fc, type: 2}
  m_PrefabInternal: {fileID: 0}
  serializedVersion: 4
  m_Component:
  - 4: {fileID: 124963762}
  m_Layer: 0
  m_Name: LeftHandIndex4
  m_TagString: Untagged
  m_Icon: {fileID: 0}
  m_NavMeshLayer: 0
  m_StaticEditorFlags: 0
  m_IsActive: 1
--- !u!4 &124963762
Transform:
  m_ObjectHideFlags: 0
  m_PrefabParentObject: {fileID: 400098, guid: 1d447d051c26ea04caa02aa1711555fc, type: 2}
  m_PrefabInternal: {fileID: 0}
  m_GameObject: {fileID: 124963761}
  m_LocalRotation: {x: 0, y: -0, z: -0, w: 1}
  m_LocalPosition: {x: -.0249999985, y: 2.84217088e-16, z: 1.47911416e-33}
  m_LocalScale: {x: 1, y: 1, z: 1}
  m_Children: []
  m_Father: {fileID: 21069548}
--- !u!1 &157208458
GameObject:
  m_ObjectHideFlags: 0
  m_PrefabParentObject: {fileID: 100036, guid: 1d447d051c26ea04caa02aa1711555fc, type: 2}
  m_PrefabInternal: {fileID: 0}
  serializedVersion: 4
  m_Component:
  - 4: {fileID: 157208459}
  m_Layer: 0
  m_Name: LeftShoulder
  m_TagString: Untagged
  m_Icon: {fileID: 0}
  m_NavMeshLayer: 0
  m_StaticEditorFlags: 0
  m_IsActive: 1
--- !u!4 &157208459
Transform:
  m_ObjectHideFlags: 0
  m_PrefabParentObject: {fileID: 400036, guid: 1d447d051c26ea04caa02aa1711555fc, type: 2}
  m_PrefabInternal: {fileID: 0}
  m_GameObject: {fileID: 157208458}
  m_LocalRotation: {x: 0, y: -0, z: -0, w: 1}
  m_LocalPosition: {x: -.0614422597, y: .101870112, z: -.0379324332}
  m_LocalScale: {x: 1, y: 1, z: 1}
  m_Children:
  - {fileID: 736810759}
  m_Father: {fileID: 364327010}
--- !u!1 &174374866
GameObject:
  m_ObjectHideFlags: 0
  m_PrefabParentObject: {fileID: 100174, guid: 1d447d051c26ea04caa02aa1711555fc, type: 2}
  m_PrefabInternal: {fileID: 0}
  serializedVersion: 4
  m_Component:
  - 4: {fileID: 174374867}
  m_Layer: 0
  m_Name: LeftHandMiddle4
  m_TagString: Untagged
  m_Icon: {fileID: 0}
  m_NavMeshLayer: 0
  m_StaticEditorFlags: 0
  m_IsActive: 1
--- !u!4 &174374867
Transform:
  m_ObjectHideFlags: 0
  m_PrefabParentObject: {fileID: 400174, guid: 1d447d051c26ea04caa02aa1711555fc, type: 2}
  m_PrefabInternal: {fileID: 0}
  m_GameObject: {fileID: 174374866}
  m_LocalRotation: {x: 0, y: -0, z: -0, w: 1}
  m_LocalPosition: {x: -.0229999982, y: 1.13686835e-15, z: 1.47911416e-33}
  m_LocalScale: {x: 1, y: 1, z: 1}
  m_Children: []
  m_Father: {fileID: 887656082}
--- !u!1 &240097423
GameObject:
  m_ObjectHideFlags: 0
  m_PrefabParentObject: {fileID: 100128, guid: 1d447d051c26ea04caa02aa1711555fc, type: 2}
  m_PrefabInternal: {fileID: 0}
  serializedVersion: 4
  m_Component:
  - 4: {fileID: 240097424}
  m_Layer: 0
  m_Name: RightHandRing4
  m_TagString: Untagged
  m_Icon: {fileID: 0}
  m_NavMeshLayer: 0
  m_StaticEditorFlags: 0
  m_IsActive: 1
--- !u!4 &240097424
Transform:
  m_ObjectHideFlags: 0
  m_PrefabParentObject: {fileID: 400128, guid: 1d447d051c26ea04caa02aa1711555fc, type: 2}
  m_PrefabInternal: {fileID: 0}
  m_GameObject: {fileID: 240097423}
  m_LocalRotation: {x: 0, y: -0, z: -0, w: 1}
  m_LocalPosition: {x: .0219999999, y: -2.84217088e-16, z: 4.440892e-18}
  m_LocalScale: {x: 1, y: 1, z: 1}
  m_Children: []
  m_Father: {fileID: 1019911148}
--- !u!1 &243620958
GameObject:
  m_ObjectHideFlags: 0
  m_PrefabParentObject: {fileID: 100124, guid: 1d447d051c26ea04caa02aa1711555fc, type: 2}
  m_PrefabInternal: {fileID: 0}
  serializedVersion: 4
  m_Component:
  - 4: {fileID: 243620959}
  m_Layer: 0
  m_Name: RightFoot
  m_TagString: Untagged
  m_Icon: {fileID: 0}
  m_NavMeshLayer: 0
  m_StaticEditorFlags: 0
  m_IsActive: 1
--- !u!4 &243620959
Transform:
  m_ObjectHideFlags: 0
  m_PrefabParentObject: {fileID: 400124, guid: 1d447d051c26ea04caa02aa1711555fc, type: 2}
  m_PrefabInternal: {fileID: 0}
  m_GameObject: {fileID: 243620958}
  m_LocalRotation: {x: 0, y: -0, z: -0, w: 1}
  m_LocalPosition: {x: -.00012606621, y: -.391899973, z: -.00847686734}
  m_LocalScale: {x: 1, y: 1, z: 1}
  m_Children:
  - {fileID: 757642045}
  m_Father: {fileID: 2067151248}
--- !u!1 &261364494
GameObject:
  m_ObjectHideFlags: 0
  m_PrefabParentObject: {fileID: 100090, guid: 1d447d051c26ea04caa02aa1711555fc, type: 2}
  m_PrefabInternal: {fileID: 0}
  serializedVersion: 4
  m_Component:
  - 4: {fileID: 261364495}
  m_Layer: 0
  m_Name: RightHandMiddle4
  m_TagString: Untagged
  m_Icon: {fileID: 0}
  m_NavMeshLayer: 0
  m_StaticEditorFlags: 0
  m_IsActive: 1
--- !u!4 &261364495
Transform:
  m_ObjectHideFlags: 0
  m_PrefabParentObject: {fileID: 400090, guid: 1d447d051c26ea04caa02aa1711555fc, type: 2}
  m_PrefabInternal: {fileID: 0}
  m_GameObject: {fileID: 261364494}
  m_LocalRotation: {x: 0, y: -0, z: -0, w: 1}
  m_LocalPosition: {x: .0229999982, y: 5.68434176e-16, z: -2.220446e-18}
  m_LocalScale: {x: 1, y: 1, z: 1}
  m_Children: []
  m_Father: {fileID: 279688383}
--- !u!1 &279688382
GameObject:
  m_ObjectHideFlags: 0
  m_PrefabParentObject: {fileID: 100166, guid: 1d447d051c26ea04caa02aa1711555fc, type: 2}
  m_PrefabInternal: {fileID: 0}
  serializedVersion: 4
  m_Component:
  - 4: {fileID: 279688383}
  m_Layer: 0
  m_Name: RightHandMiddle3
  m_TagString: Untagged
  m_Icon: {fileID: 0}
  m_NavMeshLayer: 0
  m_StaticEditorFlags: 0
  m_IsActive: 1
--- !u!4 &279688383
Transform:
  m_ObjectHideFlags: 0
  m_PrefabParentObject: {fileID: 400166, guid: 1d447d051c26ea04caa02aa1711555fc, type: 2}
  m_PrefabInternal: {fileID: 0}
  m_GameObject: {fileID: 279688382}
  m_LocalRotation: {x: 0, y: -0, z: -0, w: 1}
  m_LocalPosition: {x: .0373635404, y: 2.84217088e-16, z: -3.330669e-18}
  m_LocalScale: {x: 1, y: 1, z: 1}
  m_Children:
  - {fileID: 261364495}
  m_Father: {fileID: 1219207334}
--- !u!1 &284337346
GameObject:
  m_ObjectHideFlags: 0
  m_PrefabParentObject: {fileID: 100162, guid: 1d447d051c26ea04caa02aa1711555fc, type: 2}
  m_PrefabInternal: {fileID: 0}
  serializedVersion: 4
  m_Component:
  - 4: {fileID: 284337347}
  m_Layer: 0
  m_Name: Spine
  m_TagString: Untagged
  m_Icon: {fileID: 0}
  m_NavMeshLayer: 0
  m_StaticEditorFlags: 0
  m_IsActive: 1
--- !u!4 &284337347
Transform:
  m_ObjectHideFlags: 0
  m_PrefabParentObject: {fileID: 400162, guid: 1d447d051c26ea04caa02aa1711555fc, type: 2}
  m_PrefabInternal: {fileID: 0}
  m_GameObject: {fileID: 284337346}
  m_LocalRotation: {x: 0, y: -0, z: -0, w: 1}
  m_LocalPosition: {x: 2.6469779e-25, y: .0922631845, z: .0157713313}
  m_LocalScale: {x: 1, y: 1, z: 1}
  m_Children:
  - {fileID: 916372676}
  m_Father: {fileID: 353075334}
--- !u!1 &307010086
GameObject:
  m_ObjectHideFlags: 0
  m_PrefabParentObject: {fileID: 100168, guid: 1d447d051c26ea04caa02aa1711555fc, type: 2}
  m_PrefabInternal: {fileID: 0}
  serializedVersion: 4
  m_Component:
  - 4: {fileID: 307010087}
  m_Layer: 0
  m_Name: LeftHandRing1
  m_TagString: Untagged
  m_Icon: {fileID: 0}
  m_NavMeshLayer: 0
  m_StaticEditorFlags: 0
  m_IsActive: 1
--- !u!4 &307010087
Transform:
  m_ObjectHideFlags: 0
  m_PrefabParentObject: {fileID: 400168, guid: 1d447d051c26ea04caa02aa1711555fc, type: 2}
  m_PrefabInternal: {fileID: 0}
  m_GameObject: {fileID: 307010086}
  m_LocalRotation: {x: 0, y: 0, z: .0907121599, w: .995877206}
  m_LocalPosition: {x: -.103336483, y: .00304615358, z: -.0187549628}
  m_LocalScale: {x: 1, y: 1, z: 1}
  m_Children:
  - {fileID: 624528901}
  m_Father: {fileID: 934291651}
--- !u!1 &334484614
GameObject:
  m_ObjectHideFlags: 0
  m_PrefabParentObject: {fileID: 100092, guid: 1d447d051c26ea04caa02aa1711555fc, type: 2}
  m_PrefabInternal: {fileID: 0}
  serializedVersion: 4
  m_Component:
  - 4: {fileID: 334484615}
  m_Layer: 0
  m_Name: Head
  m_TagString: Untagged
  m_Icon: {fileID: 0}
  m_NavMeshLayer: 0
  m_StaticEditorFlags: 0
  m_IsActive: 1
--- !u!4 &334484615
Transform:
  m_ObjectHideFlags: 0
  m_PrefabParentObject: {fileID: 400092, guid: 1d447d051c26ea04caa02aa1711555fc, type: 2}
  m_PrefabInternal: {fileID: 0}
  m_GameObject: {fileID: 334484614}
  m_LocalRotation: {x: 0, y: -0, z: -0, w: 1}
  m_LocalPosition: {x: -1.05879116e-24, y: .0402661115, z: .0085852053}
  m_LocalScale: {x: 1, y: 1, z: 1}
  m_Children:
  - {fileID: 1525624892}
  - {fileID: 949194933}
  - {fileID: 1577460633}
  - {fileID: 2138130531}
  - {fileID: 1322539475}
  - {fileID: 542531075}
  - {fileID: 468329660}
  - {fileID: 860636058}
  - {fileID: 2085708211}
  - {fileID: 2071486101}
  - {fileID: 1593004040}
  - {fileID: 17531158}
  - {fileID: 2103207613}
  - {fileID: 1008263185}
  - {fileID: 2124104122}
  - {fileID: 1629964212}
  - {fileID: 1547528891}
  - {fileID: 1466518856}
  m_Father: {fileID: 1794590370}
--- !u!1 &335503841
GameObject:
  m_ObjectHideFlags: 0
  m_PrefabParentObject: {fileID: 100110, guid: 1d447d051c26ea04caa02aa1711555fc, type: 2}
  m_PrefabInternal: {fileID: 0}
  serializedVersion: 4
  m_Component:
  - 4: {fileID: 335503842}
  m_Layer: 0
  m_Name: LeftHandThumb4
  m_TagString: Untagged
  m_Icon: {fileID: 0}
  m_NavMeshLayer: 0
  m_StaticEditorFlags: 0
  m_IsActive: 1
--- !u!4 &335503842
Transform:
  m_ObjectHideFlags: 0
  m_PrefabParentObject: {fileID: 400110, guid: 1d447d051c26ea04caa02aa1711555fc, type: 2}
  m_PrefabInternal: {fileID: 0}
  m_GameObject: {fileID: 335503841}
  m_LocalRotation: {x: 0, y: -0, z: -0, w: 1}
  m_LocalPosition: {x: -.0259999987, y: -.00999999978, z: .00999999978}
  m_LocalScale: {x: 1, y: 1, z: 1}
  m_Children: []
  m_Father: {fileID: 1394836946}
--- !u!1 &353075333
GameObject:
  m_ObjectHideFlags: 0
  m_PrefabParentObject: {fileID: 100084, guid: 1d447d051c26ea04caa02aa1711555fc, type: 2}
  m_PrefabInternal: {fileID: 0}
  serializedVersion: 4
  m_Component:
  - 4: {fileID: 353075334}
  m_Layer: 0
  m_Name: Hips
  m_TagString: Untagged
  m_Icon: {fileID: 0}
  m_NavMeshLayer: 0
  m_StaticEditorFlags: 0
  m_IsActive: 1
--- !u!4 &353075334
Transform:
  m_ObjectHideFlags: 0
  m_PrefabParentObject: {fileID: 400084, guid: 1d447d051c26ea04caa02aa1711555fc, type: 2}
  m_PrefabInternal: {fileID: 0}
  m_GameObject: {fileID: 353075333}
  m_LocalRotation: {x: 0, y: -0, z: 0, w: 1}
  m_LocalPosition: {x: 0, y: .963793993, z: 0}
  m_LocalScale: {x: 1, y: 1, z: 1}
  m_Children:
  - {fileID: 1432569381}
  - {fileID: 883684773}
  - {fileID: 284337347}
  m_Father: {fileID: 1268975894}
--- !u!1 &364327009
GameObject:
  m_ObjectHideFlags: 0
  m_PrefabParentObject: {fileID: 100172, guid: 1d447d051c26ea04caa02aa1711555fc, type: 2}
  m_PrefabInternal: {fileID: 0}
  serializedVersion: 4
  m_Component:
  - 4: {fileID: 364327010}
  m_Layer: 0
  m_Name: Spine2
  m_TagString: Untagged
  m_Icon: {fileID: 0}
  m_NavMeshLayer: 0
  m_StaticEditorFlags: 0
  m_IsActive: 1
--- !u!4 &364327010
Transform:
  m_ObjectHideFlags: 0
  m_PrefabParentObject: {fileID: 400172, guid: 1d447d051c26ea04caa02aa1711555fc, type: 2}
  m_PrefabInternal: {fileID: 0}
  m_GameObject: {fileID: 364327009}
  m_LocalRotation: {x: 0, y: -0, z: -0, w: 1}
  m_LocalPosition: {x: -0, y: .136396483, z: -.0129230497}
  m_LocalScale: {x: 1, y: 1, z: 1}
  m_Children:
  - {fileID: 157208459}
  - {fileID: 1856119742}
  - {fileID: 746835147}
  m_Father: {fileID: 916372676}
--- !u!1 &430353650
GameObject:
  m_ObjectHideFlags: 0
  m_PrefabParentObject: {fileID: 100150, guid: 1d447d051c26ea04caa02aa1711555fc, type: 2}
  m_PrefabInternal: {fileID: 0}
  serializedVersion: 4
  m_Component:
  - 4: {fileID: 430353651}
  m_Layer: 0
  m_Name: RightFootToeBase_End
  m_TagString: Untagged
  m_Icon: {fileID: 0}
  m_NavMeshLayer: 0
  m_StaticEditorFlags: 0
  m_IsActive: 1
--- !u!4 &430353651
Transform:
  m_ObjectHideFlags: 0
  m_PrefabParentObject: {fileID: 400150, guid: 1d447d051c26ea04caa02aa1711555fc, type: 2}
  m_PrefabInternal: {fileID: 0}
  m_GameObject: {fileID: 430353650}
  m_LocalRotation: {x: 0, y: -0, z: -0, w: 1}
  m_LocalPosition: {x: -3.19480896e-05, y: -1.73472344e-20, z: .126999989}
  m_LocalScale: {x: 1, y: 1, z: 1}
  m_Children: []
  m_Father: {fileID: 757642045}
--- !u!1 &452294122
GameObject:
  m_ObjectHideFlags: 0
  m_PrefabParentObject: {fileID: 0}
  m_PrefabInternal: {fileID: 0}
  serializedVersion: 4
  m_Component:
  - 4: {fileID: 452294124}
  - 108: {fileID: 452294123}
  m_Layer: 0
  m_Name: Directional light
  m_TagString: Untagged
  m_Icon: {fileID: 0}
  m_NavMeshLayer: 0
  m_StaticEditorFlags: 0
  m_IsActive: 1
--- !u!108 &452294123
Light:
  m_ObjectHideFlags: 0
  m_PrefabParentObject: {fileID: 0}
  m_PrefabInternal: {fileID: 0}
  m_GameObject: {fileID: 452294122}
  m_Enabled: 1
  serializedVersion: 3
  m_Type: 1
  m_Color: {r: 1, g: 1, b: 1, a: 1}
  m_Intensity: .5
  m_Range: 10
  m_SpotAngle: 30
  m_CookieSize: 10
  m_Shadows:
    m_Type: 0
    m_Resolution: -1
    m_Strength: 1
    m_Bias: .0500000007
    m_Softness: 4
    m_SoftnessFade: 1
  m_Cookie: {fileID: 0}
  m_DrawHalo: 0
  m_ActuallyLightmapped: 0
  m_Flare: {fileID: 0}
  m_RenderMode: 0
  m_CullingMask:
    serializedVersion: 2
    m_Bits: 4294967295
  m_Lightmapping: 1
  m_ShadowSamples: 1
  m_ShadowRadius: 0
  m_ShadowAngle: 0
  m_IndirectIntensity: 1
  m_AreaSize: {x: 1, y: 1}
--- !u!4 &452294124
Transform:
  m_ObjectHideFlags: 0
  m_PrefabParentObject: {fileID: 0}
  m_PrefabInternal: {fileID: 0}
  m_GameObject: {fileID: 452294122}
  m_LocalRotation: {x: .88771534, y: .0682211369, z: .0166808832, w: .455004632}
  m_LocalPosition: {x: 2.41153359, y: -9.46107197, z: -4.4959898}
  m_LocalScale: {x: 1, y: 1, z: 1}
  m_Children: []
  m_Father: {fileID: 0}
--- !u!1 &468329659
GameObject:
  m_ObjectHideFlags: 0
  m_PrefabParentObject: {fileID: 100048, guid: 1d447d051c26ea04caa02aa1711555fc, type: 2}
  m_PrefabInternal: {fileID: 0}
  serializedVersion: 4
  m_Component:
  - 4: {fileID: 468329660}
  m_Layer: 0
  m_Name: LeftInnerBrow
  m_TagString: Untagged
  m_Icon: {fileID: 0}
  m_NavMeshLayer: 0
  m_StaticEditorFlags: 0
  m_IsActive: 1
--- !u!4 &468329660
Transform:
  m_ObjectHideFlags: 0
  m_PrefabParentObject: {fileID: 400048, guid: 1d447d051c26ea04caa02aa1711555fc, type: 2}
  m_PrefabInternal: {fileID: 0}
  m_GameObject: {fileID: 468329659}
  m_LocalRotation: {x: 0, y: -0, z: -0, w: 1}
  m_LocalPosition: {x: -.0186104383, y: .0967895612, z: .149524108}
  m_LocalScale: {x: 1, y: 1, z: 1}
  m_Children: []
  m_Father: {fileID: 334484615}
--- !u!1 &494673941
GameObject:
  m_ObjectHideFlags: 0
  m_PrefabParentObject: {fileID: 100030, guid: 1d447d051c26ea04caa02aa1711555fc, type: 2}
  m_PrefabInternal: {fileID: 0}
  serializedVersion: 4
  m_Component:
  - 4: {fileID: 494673942}
  m_Layer: 0
  m_Name: LeftHandRing3
  m_TagString: Untagged
  m_Icon: {fileID: 0}
  m_NavMeshLayer: 0
  m_StaticEditorFlags: 0
  m_IsActive: 1
--- !u!4 &494673942
Transform:
  m_ObjectHideFlags: 0
  m_PrefabParentObject: {fileID: 400030, guid: 1d447d051c26ea04caa02aa1711555fc, type: 2}
  m_PrefabInternal: {fileID: 0}
  m_GameObject: {fileID: 494673941}
  m_LocalRotation: {x: 0, y: -0, z: -0, w: 1}
  m_LocalPosition: {x: -.0371317305, y: -2.91176325e-25, z: -6.661338e-18}
  m_LocalScale: {x: 1, y: 1, z: 1}
  m_Children:
  - {fileID: 1040384768}
  m_Father: {fileID: 624528901}
--- !u!1 &521969322
GameObject:
  m_ObjectHideFlags: 0
  m_PrefabParentObject: {fileID: 0}
  m_PrefabInternal: {fileID: 0}
  serializedVersion: 4
  m_Component:
  - 4: {fileID: 521969326}
  - 33: {fileID: 521969325}
  - 64: {fileID: 521969324}
  - 23: {fileID: 521969323}
  m_Layer: 0
  m_Name: Plane
  m_TagString: Untagged
  m_Icon: {fileID: 0}
  m_NavMeshLayer: 0
  m_StaticEditorFlags: 0
  m_IsActive: 1
--- !u!23 &521969323
Renderer:
  m_ObjectHideFlags: 0
  m_PrefabParentObject: {fileID: 0}
  m_PrefabInternal: {fileID: 0}
  m_GameObject: {fileID: 521969322}
  m_Enabled: 1
  m_CastShadows: 1
  m_ReceiveShadows: 1
  m_LightmapIndex: 255
  m_LightmapTilingOffset: {x: 1, y: 1, z: 0, w: 0}
  m_Materials:
  - {fileID: 2100000, guid: b25dec04c1c037d4e939f1ccf3ee6ff4, type: 2}
  m_SubsetIndices: 
  m_StaticBatchRoot: {fileID: 0}
  m_UseLightProbes: 0
  m_LightProbeAnchor: {fileID: 0}
  m_ScaleInLightmap: 1
  m_SortingLayer: 0
  m_SortingOrder: 0
  m_SortingLayerID: 0
--- !u!64 &521969324
MeshCollider:
  m_ObjectHideFlags: 0
  m_PrefabParentObject: {fileID: 0}
  m_PrefabInternal: {fileID: 0}
  m_GameObject: {fileID: 521969322}
  m_Material: {fileID: 0}
  m_IsTrigger: 0
  m_Enabled: 1
  serializedVersion: 2
  m_SmoothSphereCollisions: 0
  m_Convex: 0
  m_Mesh: {fileID: 10209, guid: 0000000000000000e000000000000000, type: 0}
--- !u!33 &521969325
MeshFilter:
  m_ObjectHideFlags: 0
  m_PrefabParentObject: {fileID: 0}
  m_PrefabInternal: {fileID: 0}
  m_GameObject: {fileID: 521969322}
  m_Mesh: {fileID: 10209, guid: 0000000000000000e000000000000000, type: 0}
--- !u!4 &521969326
Transform:
  m_ObjectHideFlags: 0
  m_PrefabParentObject: {fileID: 0}
  m_PrefabInternal: {fileID: 0}
  m_GameObject: {fileID: 521969322}
  m_LocalRotation: {x: -.0025436976, y: 0, z: 0, w: .999996781}
  m_LocalPosition: {x: 0, y: -3.35583735, z: -6.51814604}
  m_LocalScale: {x: 1.69816303, y: 1.69816303, z: 1.69816303}
  m_Children: []
  m_Father: {fileID: 0}
--- !u!1 &542531074
GameObject:
  m_ObjectHideFlags: 0
  m_PrefabParentObject: {fileID: 100108, guid: 1d447d051c26ea04caa02aa1711555fc, type: 2}
  m_PrefabInternal: {fileID: 0}
  serializedVersion: 4
  m_Component:
  - 4: {fileID: 542531075}
  m_Layer: 0
  m_Name: LeftEyelidUpper
  m_TagString: Untagged
  m_Icon: {fileID: 0}
  m_NavMeshLayer: 0
  m_StaticEditorFlags: 0
  m_IsActive: 1
--- !u!4 &542531075
Transform:
  m_ObjectHideFlags: 0
  m_PrefabParentObject: {fileID: 400108, guid: 1d447d051c26ea04caa02aa1711555fc, type: 2}
  m_PrefabInternal: {fileID: 0}
  m_GameObject: {fileID: 542531074}
  m_LocalRotation: {x: 0, y: -0, z: -0, w: 1}
  m_LocalPosition: {x: -.0357169993, y: .0765711218, z: .1158223}
  m_LocalScale: {x: 1, y: 1, z: 1}
  m_Children: []
  m_Father: {fileID: 334484615}
--- !u!1 &624528900
GameObject:
  m_ObjectHideFlags: 0
  m_PrefabParentObject: {fileID: 100014, guid: 1d447d051c26ea04caa02aa1711555fc, type: 2}
  m_PrefabInternal: {fileID: 0}
  serializedVersion: 4
  m_Component:
  - 4: {fileID: 624528901}
  m_Layer: 0
  m_Name: LeftHandRing2
  m_TagString: Untagged
  m_Icon: {fileID: 0}
  m_NavMeshLayer: 0
  m_StaticEditorFlags: 0
  m_IsActive: 1
--- !u!4 &624528901
Transform:
  m_ObjectHideFlags: 0
  m_PrefabParentObject: {fileID: 400014, guid: 1d447d051c26ea04caa02aa1711555fc, type: 2}
  m_PrefabInternal: {fileID: 0}
  m_GameObject: {fileID: 624528900}
  m_LocalRotation: {x: 0, y: 0, z: .299746096, w: .95401907}
  m_LocalPosition: {x: -.0538620651, y: -.00365728559, z: 4.56348062e-07}
  m_LocalScale: {x: 1, y: 1, z: 1}
  m_Children:
  - {fileID: 494673942}
  m_Father: {fileID: 307010087}
--- !u!1 &629176199
GameObject:
  m_ObjectHideFlags: 0
  m_PrefabParentObject: {fileID: 100116, guid: 1d447d051c26ea04caa02aa1711555fc, type: 2}
  m_PrefabInternal: {fileID: 0}
  serializedVersion: 4
  m_Component:
  - 4: {fileID: 629176200}
  m_Layer: 0
  m_Name: RightHandRing2
  m_TagString: Untagged
  m_Icon: {fileID: 0}
  m_NavMeshLayer: 0
  m_StaticEditorFlags: 0
  m_IsActive: 1
--- !u!4 &629176200
Transform:
  m_ObjectHideFlags: 0
  m_PrefabParentObject: {fileID: 400116, guid: 1d447d051c26ea04caa02aa1711555fc, type: 2}
  m_PrefabInternal: {fileID: 0}
  m_GameObject: {fileID: 629176199}
  m_LocalRotation: {x: 0, y: 0, z: -.313654393, w: .949537218}
  m_LocalPosition: {x: .0540184528, y: -2.84914859e-06, z: 3.52039933e-07}
  m_LocalScale: {x: 1, y: 1, z: 1}
  m_Children:
  - {fileID: 1019911148}
  m_Father: {fileID: 1827816002}
--- !u!1 &630209733
GameObject:
  m_ObjectHideFlags: 0
  m_PrefabParentObject: {fileID: 100118, guid: 1d447d051c26ea04caa02aa1711555fc, type: 2}
  m_PrefabInternal: {fileID: 0}
  serializedVersion: 4
  m_Component:
  - 4: {fileID: 630209734}
  m_Layer: 0
  m_Name: RightHandPinky3
  m_TagString: Untagged
  m_Icon: {fileID: 0}
  m_NavMeshLayer: 0
  m_StaticEditorFlags: 0
  m_IsActive: 1
--- !u!4 &630209734
Transform:
  m_ObjectHideFlags: 0
  m_PrefabParentObject: {fileID: 400118, guid: 1d447d051c26ea04caa02aa1711555fc, type: 2}
  m_PrefabInternal: {fileID: 0}
  m_GameObject: {fileID: 630209733}
  m_LocalRotation: {x: 0, y: -0, z: -0, w: 1}
  m_LocalPosition: {x: .027820332, y: -5.68434176e-16, z: -2.22042118e-18}
  m_LocalScale: {x: 1, y: 1, z: 1}
  m_Children:
  - {fileID: 849281316}
  m_Father: {fileID: 751752116}
--- !u!1 &736810758
GameObject:
  m_ObjectHideFlags: 0
  m_PrefabParentObject: {fileID: 100122, guid: 1d447d051c26ea04caa02aa1711555fc, type: 2}
  m_PrefabInternal: {fileID: 0}
  serializedVersion: 4
  m_Component:
  - 4: {fileID: 736810759}
  m_Layer: 0
  m_Name: LeftArm
  m_TagString: Untagged
  m_Icon: {fileID: 0}
  m_NavMeshLayer: 0
  m_StaticEditorFlags: 0
  m_IsActive: 1
--- !u!4 &736810759
Transform:
  m_ObjectHideFlags: 0
  m_PrefabParentObject: {fileID: 400122, guid: 1d447d051c26ea04caa02aa1711555fc, type: 2}
  m_PrefabInternal: {fileID: 0}
  m_GameObject: {fileID: 736810758}
  m_LocalRotation: {x: 0, y: 0, z: .646934092, w: .762546003}
  m_LocalPosition: {x: -.123189092, y: -.011129804, z: -.0179348923}
  m_LocalScale: {x: 1, y: 1, z: 1}
  m_Children:
  - {fileID: 1521361070}
  m_Father: {fileID: 157208459}
--- !u!1 &746835146
GameObject:
  m_ObjectHideFlags: 0
  m_PrefabParentObject: {fileID: 100170, guid: 1d447d051c26ea04caa02aa1711555fc, type: 2}
  m_PrefabInternal: {fileID: 0}
  serializedVersion: 4
  m_Component:
  - 4: {fileID: 746835147}
  m_Layer: 0
  m_Name: RightShoulder
  m_TagString: Untagged
  m_Icon: {fileID: 0}
  m_NavMeshLayer: 0
  m_StaticEditorFlags: 0
  m_IsActive: 1
--- !u!4 &746835147
Transform:
  m_ObjectHideFlags: 0
  m_PrefabParentObject: {fileID: 400170, guid: 1d447d051c26ea04caa02aa1711555fc, type: 2}
  m_PrefabInternal: {fileID: 0}
  m_GameObject: {fileID: 746835146}
  m_LocalRotation: {x: 0, y: -0, z: -0, w: 1}
  m_LocalPosition: {x: .0614019744, y: .101870112, z: -.0379324332}
  m_LocalScale: {x: 1, y: 1, z: 1}
  m_Children:
  - {fileID: 1700505182}
  m_Father: {fileID: 364327010}
--- !u!1 &751752115
GameObject:
  m_ObjectHideFlags: 0
  m_PrefabParentObject: {fileID: 100016, guid: 1d447d051c26ea04caa02aa1711555fc, type: 2}
  m_PrefabInternal: {fileID: 0}
  serializedVersion: 4
  m_Component:
  - 4: {fileID: 751752116}
  m_Layer: 0
  m_Name: RightHandPinky2
  m_TagString: Untagged
  m_Icon: {fileID: 0}
  m_NavMeshLayer: 0
  m_StaticEditorFlags: 0
  m_IsActive: 1
--- !u!4 &751752116
Transform:
  m_ObjectHideFlags: 0
  m_PrefabParentObject: {fileID: 400016, guid: 1d447d051c26ea04caa02aa1711555fc, type: 2}
  m_PrefabInternal: {fileID: 0}
  m_GameObject: {fileID: 751752115}
  m_LocalRotation: {x: 0, y: 0, z: -.235696942, w: .971826613}
  m_LocalPosition: {x: .0365311056, y: -4.29316424e-06, z: -2.4586916e-07}
  m_LocalScale: {x: 1, y: 1, z: 1}
  m_Children:
  - {fileID: 630209734}
  m_Father: {fileID: 1545343262}
--- !u!1 &757642044
GameObject:
  m_ObjectHideFlags: 0
  m_PrefabParentObject: {fileID: 100024, guid: 1d447d051c26ea04caa02aa1711555fc, type: 2}
  m_PrefabInternal: {fileID: 0}
  serializedVersion: 4
  m_Component:
  - 4: {fileID: 757642045}
  m_Layer: 0
  m_Name: RightToeBase
  m_TagString: Untagged
  m_Icon: {fileID: 0}
  m_NavMeshLayer: 0
  m_StaticEditorFlags: 0
  m_IsActive: 1
--- !u!4 &757642045
Transform:
  m_ObjectHideFlags: 0
  m_PrefabParentObject: {fileID: 400024, guid: 1d447d051c26ea04caa02aa1711555fc, type: 2}
  m_PrefabInternal: {fileID: 0}
  m_GameObject: {fileID: 757642044}
  m_LocalRotation: {x: 0, y: -0, z: -0, w: 1}
  m_LocalPosition: {x: .00183309556, y: -.121930853, z: .0828226358}
  m_LocalScale: {x: 1, y: 1, z: 1}
  m_Children:
  - {fileID: 430353651}
  m_Father: {fileID: 243620959}
--- !u!1 &849281315
GameObject:
  m_ObjectHideFlags: 0
  m_PrefabParentObject: {fileID: 100060, guid: 1d447d051c26ea04caa02aa1711555fc, type: 2}
  m_PrefabInternal: {fileID: 0}
  serializedVersion: 4
  m_Component:
  - 4: {fileID: 849281316}
  m_Layer: 0
  m_Name: RightHandPinky4
  m_TagString: Untagged
  m_Icon: {fileID: 0}
  m_NavMeshLayer: 0
  m_StaticEditorFlags: 0
  m_IsActive: 1
--- !u!4 &849281316
Transform:
  m_ObjectHideFlags: 0
  m_PrefabParentObject: {fileID: 400060, guid: 1d447d051c26ea04caa02aa1711555fc, type: 2}
  m_PrefabInternal: {fileID: 0}
  m_GameObject: {fileID: 849281315}
  m_LocalRotation: {x: 0, y: -0, z: -0, w: 1}
  m_LocalPosition: {x: .029000001, y: -2.84217088e-16, z: 0}
  m_LocalScale: {x: 1, y: 1, z: 1}
  m_Children: []
  m_Father: {fileID: 630209734}
--- !u!1 &860636057
GameObject:
  m_ObjectHideFlags: 0
  m_PrefabParentObject: {fileID: 100176, guid: 1d447d051c26ea04caa02aa1711555fc, type: 2}
  m_PrefabInternal: {fileID: 0}
  serializedVersion: 4
  m_Component:
  - 4: {fileID: 860636058}
  m_Layer: 0
  m_Name: LeftIOuterBrow
  m_TagString: Untagged
  m_Icon: {fileID: 0}
  m_NavMeshLayer: 0
  m_StaticEditorFlags: 0
  m_IsActive: 1
--- !u!4 &860636058
Transform:
  m_ObjectHideFlags: 0
  m_PrefabParentObject: {fileID: 400176, guid: 1d447d051c26ea04caa02aa1711555fc, type: 2}
  m_PrefabInternal: {fileID: 0}
  m_GameObject: {fileID: 860636057}
  m_LocalRotation: {x: 0, y: -0, z: -0, w: 1}
  m_LocalPosition: {x: -.0530205332, y: .0944436565, z: .134605303}
  m_LocalScale: {x: 1, y: 1, z: 1}
  m_Children: []
  m_Father: {fileID: 334484615}
--- !u!1 &883684772
GameObject:
  m_ObjectHideFlags: 0
  m_PrefabParentObject: {fileID: 100152, guid: 1d447d051c26ea04caa02aa1711555fc, type: 2}
  m_PrefabInternal: {fileID: 0}
  serializedVersion: 4
  m_Component:
  - 4: {fileID: 883684773}
  m_Layer: 0
  m_Name: RightUpLeg
  m_TagString: Untagged
  m_Icon: {fileID: 0}
  m_NavMeshLayer: 0
  m_StaticEditorFlags: 0
  m_IsActive: 1
--- !u!4 &883684773
Transform:
  m_ObjectHideFlags: 0
  m_PrefabParentObject: {fileID: 400152, guid: 1d447d051c26ea04caa02aa1711555fc, type: 2}
  m_PrefabInternal: {fileID: 0}
  m_GameObject: {fileID: 883684772}
  m_LocalRotation: {x: 0, y: -0, z: -0, w: 1}
  m_LocalPosition: {x: .0963378921, y: -.0327325426, z: -7.15255721e-09}
  m_LocalScale: {x: 1, y: 1, z: 1}
  m_Children:
  - {fileID: 2067151248}
  m_Father: {fileID: 353075334}
--- !u!1 &887656081
GameObject:
  m_ObjectHideFlags: 0
  m_PrefabParentObject: {fileID: 100004, guid: 1d447d051c26ea04caa02aa1711555fc, type: 2}
  m_PrefabInternal: {fileID: 0}
  serializedVersion: 4
  m_Component:
  - 4: {fileID: 887656082}
  m_Layer: 0
  m_Name: LeftHandMiddle3
  m_TagString: Untagged
  m_Icon: {fileID: 0}
  m_NavMeshLayer: 0
  m_StaticEditorFlags: 0
  m_IsActive: 1
--- !u!4 &887656082
Transform:
  m_ObjectHideFlags: 0
  m_PrefabParentObject: {fileID: 400004, guid: 1d447d051c26ea04caa02aa1711555fc, type: 2}
  m_PrefabInternal: {fileID: 0}
  m_GameObject: {fileID: 887656081}
  m_LocalRotation: {x: 0, y: -0, z: -0, w: 1}
  m_LocalPosition: {x: -.0371317305, y: -9.70587772e-26, z: -2.220446e-18}
  m_LocalScale: {x: 1, y: 1, z: 1}
  m_Children:
  - {fileID: 174374867}
  m_Father: {fileID: 1066569297}
--- !u!1 &916372675
GameObject:
  m_ObjectHideFlags: 0
  m_PrefabParentObject: {fileID: 100076, guid: 1d447d051c26ea04caa02aa1711555fc, type: 2}
  m_PrefabInternal: {fileID: 0}
  serializedVersion: 4
  m_Component:
  - 4: {fileID: 916372676}
  m_Layer: 0
  m_Name: Spine1
  m_TagString: Untagged
  m_Icon: {fileID: 0}
  m_NavMeshLayer: 0
  m_StaticEditorFlags: 0
  m_IsActive: 1
--- !u!4 &916372676
Transform:
  m_ObjectHideFlags: 0
  m_PrefabParentObject: {fileID: 400076, guid: 1d447d051c26ea04caa02aa1711555fc, type: 2}
  m_PrefabInternal: {fileID: 0}
  m_GameObject: {fileID: 916372675}
  m_LocalRotation: {x: 0, y: -0, z: -0, w: 1}
  m_LocalPosition: {x: -0, y: .162540287, z: -.00165605545}
  m_LocalScale: {x: 1, y: 1, z: 1}
  m_Children:
  - {fileID: 364327010}
  m_Father: {fileID: 284337347}
--- !u!1 &928903295
GameObject:
  m_ObjectHideFlags: 0
  m_PrefabParentObject: {fileID: 100080, guid: 1d447d051c26ea04caa02aa1711555fc, type: 2}
  m_PrefabInternal: {fileID: 0}
  serializedVersion: 4
  m_Component:
  - 4: {fileID: 928903296}
  - 137: {fileID: 928903297}
  m_Layer: 0
  m_Name: Toon_Geo
  m_TagString: Untagged
  m_Icon: {fileID: 0}
  m_NavMeshLayer: 0
  m_StaticEditorFlags: 0
  m_IsActive: 1
--- !u!4 &928903296
Transform:
  m_ObjectHideFlags: 0
  m_PrefabParentObject: {fileID: 400080, guid: 1d447d051c26ea04caa02aa1711555fc, type: 2}
  m_PrefabInternal: {fileID: 0}
  m_GameObject: {fileID: 928903295}
  m_LocalRotation: {x: 0, y: -0, z: 0, w: 1}
  m_LocalPosition: {x: 0, y: 0, z: 0}
  m_LocalScale: {x: 1, y: 1, z: 1}
  m_Children: []
  m_Father: {fileID: 1268975894}
--- !u!137 &928903297
SkinnedMeshRenderer:
  m_ObjectHideFlags: 0
  m_PrefabParentObject: {fileID: 13700000, guid: 1d447d051c26ea04caa02aa1711555fc,
    type: 2}
  m_PrefabInternal: {fileID: 0}
  m_GameObject: {fileID: 928903295}
  m_Enabled: 1
  m_CastShadows: 1
  m_ReceiveShadows: 1
  m_LightmapIndex: 255
  m_LightmapTilingOffset: {x: 1, y: 1, z: 0, w: 0}
  m_Materials:
  - {fileID: 2100000, guid: e10a647a2772ff544a841eff351e19f3, type: 2}
  m_SubsetIndices: 
  m_StaticBatchRoot: {fileID: 0}
  m_UseLightProbes: 0
  m_LightProbeAnchor: {fileID: 0}
  m_ScaleInLightmap: 1
  m_SortingLayer: 0
  m_SortingOrder: 0
  m_SortingLayerID: 0
  serializedVersion: 2
  m_Quality: 0
  m_UpdateWhenOffscreen: 0
  m_Mesh: {fileID: 4300002, guid: d22c6018a8c27ba40a99183394ebc4c4, type: 3}
  m_Bones:
  - {fileID: 353075334}
  - {fileID: 284337347}
  - {fileID: 916372676}
  - {fileID: 364327010}
  - {fileID: 1856119742}
  - {fileID: 1794590370}
  - {fileID: 334484615}
  - {fileID: 2138130531}
  - {fileID: 17531158}
  - {fileID: 949194933}
  - {fileID: 1512423541}
  - {fileID: 1240903075}
  - {fileID: 1966729407}
  - {fileID: 1405056266}
  - {fileID: 1919880774}
  - {fileID: 1818559235}
  - {fileID: 1537340407}
  - {fileID: 2085708211}
  - {fileID: 2071486101}
  - {fileID: 1577460633}
  - {fileID: 1322539475}
  - {fileID: 542531075}
  - {fileID: 468329660}
  - {fileID: 860636058}
  - {fileID: 2124104122}
  - {fileID: 1629964212}
  - {fileID: 1008263185}
  - {fileID: 2103207613}
  - {fileID: 1593004040}
  - {fileID: 1466518856}
  - {fileID: 1547528891}
  - {fileID: 157208459}
  - {fileID: 736810759}
  - {fileID: 1521361070}
  - {fileID: 934291651}
  - {fileID: 1968031239}
  - {fileID: 1115922766}
  - {fileID: 1394836946}
  - {fileID: 969698187}
  - {fileID: 1066569297}
  - {fileID: 887656082}
  - {fileID: 1104535764}
  - {fileID: 2057732110}
  - {fileID: 21069548}
  - {fileID: 307010087}
  - {fileID: 624528901}
  - {fileID: 494673942}
  - {fileID: 2102336825}
  - {fileID: 1213850767}
  - {fileID: 2129006787}
  - {fileID: 746835147}
  - {fileID: 1700505182}
  - {fileID: 2106096528}
  - {fileID: 32499197}
  - {fileID: 1719337684}
  - {fileID: 1008540870}
  - {fileID: 84091296}
  - {fileID: 1694577184}
  - {fileID: 973992345}
  - {fileID: 1878091323}
  - {fileID: 53897554}
  - {fileID: 1219207334}
  - {fileID: 279688383}
  - {fileID: 1827816002}
  - {fileID: 629176200}
  - {fileID: 1019911148}
  - {fileID: 1545343262}
  - {fileID: 751752116}
  - {fileID: 630209734}
  - {fileID: 1432569381}
  - {fileID: 1655083267}
  - {fileID: 1901837674}
  - {fileID: 1067707223}
  - {fileID: 883684773}
  - {fileID: 2067151248}
  - {fileID: 243620959}
  - {fileID: 757642045}
  m_BlendShapeWeights: []
  m_RootBone: {fileID: 353075334}
  m_AABB:
    m_Center: {x: 0, y: -.0466188192, z: .00399947166}
    m_Extent: {x: .963511348, y: .917180896, z: .18325755}
  m_DirtyAABB: 0
--- !u!1 &934291650
GameObject:
  m_ObjectHideFlags: 0
  m_PrefabParentObject: {fileID: 100010, guid: 1d447d051c26ea04caa02aa1711555fc, type: 2}
  m_PrefabInternal: {fileID: 0}
  serializedVersion: 4
  m_Component:
  - 4: {fileID: 934291651}
  m_Layer: 0
  m_Name: LeftHand
  m_TagString: Untagged
  m_Icon: {fileID: 0}
  m_NavMeshLayer: 0
  m_StaticEditorFlags: 0
  m_IsActive: 1
--- !u!4 &934291651
Transform:
  m_ObjectHideFlags: 0
  m_PrefabParentObject: {fileID: 400010, guid: 1d447d051c26ea04caa02aa1711555fc, type: 2}
  m_PrefabInternal: {fileID: 0}
  m_GameObject: {fileID: 934291650}
  m_LocalRotation: {x: 0, y: -0, z: -0, w: 1}
  m_LocalPosition: {x: -.278737783, y: 0, z: 0}
  m_LocalScale: {x: 1, y: 1, z: 1}
  m_Children:
  - {fileID: 1104535764}
  - {fileID: 969698187}
  - {fileID: 2102336825}
  - {fileID: 307010087}
  - {fileID: 1968031239}
  m_Father: {fileID: 1521361070}
--- !u!1 &949194932
GameObject:
  m_ObjectHideFlags: 0
  m_PrefabParentObject: {fileID: 100040, guid: 1d447d051c26ea04caa02aa1711555fc, type: 2}
  m_PrefabInternal: {fileID: 0}
  serializedVersion: 4
  m_Component:
  - 4: {fileID: 949194933}
  m_Layer: 0
  m_Name: Jaw
  m_TagString: Untagged
  m_Icon: {fileID: 0}
  m_NavMeshLayer: 0
  m_StaticEditorFlags: 0
  m_IsActive: 1
--- !u!4 &949194933
Transform:
  m_ObjectHideFlags: 0
  m_PrefabParentObject: {fileID: 400040, guid: 1d447d051c26ea04caa02aa1711555fc, type: 2}
  m_PrefabInternal: {fileID: 0}
  m_GameObject: {fileID: 949194932}
  m_LocalRotation: {x: -.00644460274, y: 0, z: -0, w: .999979258}
  m_LocalPosition: {x: 1.73472344e-20, y: .00101832021, z: .0537011214}
  m_LocalScale: {x: 1, y: 1, z: 1}
  m_Children:
  - {fileID: 1405056266}
  - {fileID: 1537340407}
  - {fileID: 1966729407}
  - {fileID: 1818559235}
  - {fileID: 1919880774}
  - {fileID: 1512423541}
  - {fileID: 1240903075}
  m_Father: {fileID: 334484615}
--- !u!1 &969698186
GameObject:
  m_ObjectHideFlags: 0
  m_PrefabParentObject: {fileID: 100026, guid: 1d447d051c26ea04caa02aa1711555fc, type: 2}
  m_PrefabInternal: {fileID: 0}
  serializedVersion: 4
  m_Component:
  - 4: {fileID: 969698187}
  m_Layer: 0
  m_Name: LeftHandMiddle1
  m_TagString: Untagged
  m_Icon: {fileID: 0}
  m_NavMeshLayer: 0
  m_StaticEditorFlags: 0
  m_IsActive: 1
--- !u!4 &969698187
Transform:
  m_ObjectHideFlags: 0
  m_PrefabParentObject: {fileID: 400026, guid: 1d447d051c26ea04caa02aa1711555fc, type: 2}
  m_PrefabInternal: {fileID: 0}
  m_GameObject: {fileID: 969698186}
  m_LocalRotation: {x: 0, y: 0, z: .0907121599, w: .995877206}
  m_LocalPosition: {x: -.105228752, y: .00567207858, z: .00429821014}
  m_LocalScale: {x: 1, y: 1, z: 1}
  m_Children:
  - {fileID: 1066569297}
  m_Father: {fileID: 934291651}
--- !u!1 &973992344
GameObject:
  m_ObjectHideFlags: 0
  m_PrefabParentObject: {fileID: 100062, guid: 1d447d051c26ea04caa02aa1711555fc, type: 2}
  m_PrefabInternal: {fileID: 0}
  serializedVersion: 4
  m_Component:
  - 4: {fileID: 973992345}
  m_Layer: 0
  m_Name: RightHandIndex2
  m_TagString: Untagged
  m_Icon: {fileID: 0}
  m_NavMeshLayer: 0
  m_StaticEditorFlags: 0
  m_IsActive: 1
--- !u!4 &973992345
Transform:
  m_ObjectHideFlags: 0
  m_PrefabParentObject: {fileID: 400062, guid: 1d447d051c26ea04caa02aa1711555fc, type: 2}
  m_PrefabInternal: {fileID: 0}
  m_GameObject: {fileID: 973992344}
  m_LocalRotation: {x: 0, y: 0, z: -.201318979, w: .979525805}
  m_LocalPosition: {x: .0537712798, y: -4.37255949e-07, z: 7.4505806e-09}
  m_LocalScale: {x: 1, y: 1, z: 1}
  m_Children:
  - {fileID: 1878091323}
  m_Father: {fileID: 1694577184}
--- !u!1 &1008263184
GameObject:
  m_ObjectHideFlags: 0
  m_PrefabParentObject: {fileID: 100142, guid: 1d447d051c26ea04caa02aa1711555fc, type: 2}
  m_PrefabInternal: {fileID: 0}
  serializedVersion: 4
  m_Component:
  - 4: {fileID: 1008263185}
  m_Layer: 0
  m_Name: RightEyelidUpper
  m_TagString: Untagged
  m_Icon: {fileID: 0}
  m_NavMeshLayer: 0
  m_StaticEditorFlags: 0
  m_IsActive: 1
--- !u!4 &1008263185
Transform:
  m_ObjectHideFlags: 0
  m_PrefabParentObject: {fileID: 400142, guid: 1d447d051c26ea04caa02aa1711555fc, type: 2}
  m_PrefabInternal: {fileID: 0}
  m_GameObject: {fileID: 1008263184}
  m_LocalRotation: {x: 0, y: -0, z: -0, w: 1}
  m_LocalPosition: {x: .0357169993, y: .0765711218, z: .1158223}
  m_LocalScale: {x: 1, y: 1, z: 1}
  m_Children: []
  m_Father: {fileID: 334484615}
--- !u!1 &1008540869
GameObject:
  m_ObjectHideFlags: 0
  m_PrefabParentObject: {fileID: 100054, guid: 1d447d051c26ea04caa02aa1711555fc, type: 2}
  m_PrefabInternal: {fileID: 0}
  serializedVersion: 4
  m_Component:
  - 4: {fileID: 1008540870}
  m_Layer: 0
  m_Name: RightHandThumb2
  m_TagString: Untagged
  m_Icon: {fileID: 0}
  m_NavMeshLayer: 0
  m_StaticEditorFlags: 0
  m_IsActive: 1
--- !u!4 &1008540870
Transform:
  m_ObjectHideFlags: 0
  m_PrefabParentObject: {fileID: 400054, guid: 1d447d051c26ea04caa02aa1711555fc, type: 2}
  m_PrefabInternal: {fileID: 0}
  m_GameObject: {fileID: 1008540869}
  m_LocalRotation: {x: 0, y: -0, z: -0, w: 1}
  m_LocalPosition: {x: .0326378681, y: -.010869652, z: .0296688005}
  m_LocalScale: {x: 1, y: 1, z: 1}
  m_Children:
  - {fileID: 84091296}
  m_Father: {fileID: 1719337684}
--- !u!1 &1019911147
GameObject:
  m_ObjectHideFlags: 0
  m_PrefabParentObject: {fileID: 100086, guid: 1d447d051c26ea04caa02aa1711555fc, type: 2}
  m_PrefabInternal: {fileID: 0}
  serializedVersion: 4
  m_Component:
  - 4: {fileID: 1019911148}
  m_Layer: 0
  m_Name: RightHandRing3
  m_TagString: Untagged
  m_Icon: {fileID: 0}
  m_NavMeshLayer: 0
  m_StaticEditorFlags: 0
  m_IsActive: 1
--- !u!4 &1019911148
Transform:
  m_ObjectHideFlags: 0
  m_PrefabParentObject: {fileID: 400086, guid: 1d447d051c26ea04caa02aa1711555fc, type: 2}
  m_PrefabInternal: {fileID: 0}
  m_GameObject: {fileID: 1019911147}
  m_LocalRotation: {x: 0, y: -0, z: -0, w: 1}
  m_LocalPosition: {x: .033915963, y: 2.84217088e-16, z: -2.220446e-18}
  m_LocalScale: {x: 1, y: 1, z: 1}
  m_Children:
  - {fileID: 240097424}
  m_Father: {fileID: 629176200}
--- !u!1 &1033799615
GameObject:
  m_ObjectHideFlags: 0
  m_PrefabParentObject: {fileID: 100178, guid: 1d447d051c26ea04caa02aa1711555fc, type: 2}
  m_PrefabInternal: {fileID: 0}
  serializedVersion: 4
  m_Component:
  - 4: {fileID: 1033799616}
  m_Layer: 0
  m_Name: RightHandThumb4
  m_TagString: Untagged
  m_Icon: {fileID: 0}
  m_NavMeshLayer: 0
  m_StaticEditorFlags: 0
  m_IsActive: 1
--- !u!4 &1033799616
Transform:
  m_ObjectHideFlags: 0
  m_PrefabParentObject: {fileID: 400178, guid: 1d447d051c26ea04caa02aa1711555fc, type: 2}
  m_PrefabInternal: {fileID: 0}
  m_GameObject: {fileID: 1033799615}
  m_LocalRotation: {x: 0, y: -0, z: -0, w: 1}
  m_LocalPosition: {x: .0259999987, y: -.00999999978, z: .00999999978}
  m_LocalScale: {x: 1, y: 1, z: 1}
  m_Children: []
  m_Father: {fileID: 84091296}
--- !u!1 &1040384767
GameObject:
  m_ObjectHideFlags: 0
  m_PrefabParentObject: {fileID: 100136, guid: 1d447d051c26ea04caa02aa1711555fc, type: 2}
  m_PrefabInternal: {fileID: 0}
  serializedVersion: 4
  m_Component:
  - 4: {fileID: 1040384768}
  m_Layer: 0
  m_Name: LeftHandRing4
  m_TagString: Untagged
  m_Icon: {fileID: 0}
  m_NavMeshLayer: 0
  m_StaticEditorFlags: 0
  m_IsActive: 1
--- !u!4 &1040384768
Transform:
  m_ObjectHideFlags: 0
  m_PrefabParentObject: {fileID: 400136, guid: 1d447d051c26ea04caa02aa1711555fc, type: 2}
  m_PrefabInternal: {fileID: 0}
  m_GameObject: {fileID: 1040384767}
  m_LocalRotation: {x: 0, y: -0, z: -0, w: 1}
  m_LocalPosition: {x: -.0199999996, y: -5.68434176e-16, z: 1.47911416e-33}
  m_LocalScale: {x: 1, y: 1, z: 1}
  m_Children: []
  m_Father: {fileID: 494673942}
--- !u!1 &1066569296
GameObject:
  m_ObjectHideFlags: 0
  m_PrefabParentObject: {fileID: 100088, guid: 1d447d051c26ea04caa02aa1711555fc, type: 2}
  m_PrefabInternal: {fileID: 0}
  serializedVersion: 4
  m_Component:
  - 4: {fileID: 1066569297}
  m_Layer: 0
  m_Name: LeftHandMiddle2
  m_TagString: Untagged
  m_Icon: {fileID: 0}
  m_NavMeshLayer: 0
  m_StaticEditorFlags: 0
  m_IsActive: 1
--- !u!4 &1066569297
Transform:
  m_ObjectHideFlags: 0
  m_PrefabParentObject: {fileID: 400088, guid: 1d447d051c26ea04caa02aa1711555fc, type: 2}
  m_PrefabInternal: {fileID: 0}
  m_GameObject: {fileID: 1066569296}
  m_LocalRotation: {x: 0, y: 0, z: .232592776, w: .972574234}
  m_LocalPosition: {x: -.0581078082, y: -.00617844379, z: 3.37604433e-07}
  m_LocalScale: {x: 1, y: 1, z: 1}
  m_Children:
  - {fileID: 887656082}
  m_Father: {fileID: 969698187}
--- !u!1 &1067707222
GameObject:
  m_ObjectHideFlags: 0
  m_PrefabParentObject: {fileID: 100126, guid: 1d447d051c26ea04caa02aa1711555fc, type: 2}
  m_PrefabInternal: {fileID: 0}
  serializedVersion: 4
  m_Component:
  - 4: {fileID: 1067707223}
  m_Layer: 0
  m_Name: LeftToeBase
  m_TagString: Untagged
  m_Icon: {fileID: 0}
  m_NavMeshLayer: 0
  m_StaticEditorFlags: 0
  m_IsActive: 1
--- !u!4 &1067707223
Transform:
  m_ObjectHideFlags: 0
  m_PrefabParentObject: {fileID: 400126, guid: 1d447d051c26ea04caa02aa1711555fc, type: 2}
  m_PrefabInternal: {fileID: 0}
  m_GameObject: {fileID: 1067707222}
  m_LocalRotation: {x: 0, y: -0, z: -0, w: 1}
  m_LocalPosition: {x: .00183286658, y: -.121930853, z: .0828226358}
  m_LocalScale: {x: 1, y: 1, z: 1}
  m_Children:
  - {fileID: 110428775}
  m_Father: {fileID: 1901837674}
--- !u!1 &1104535763
GameObject:
  m_ObjectHideFlags: 0
  m_PrefabParentObject: {fileID: 100050, guid: 1d447d051c26ea04caa02aa1711555fc, type: 2}
  m_PrefabInternal: {fileID: 0}
  serializedVersion: 4
  m_Component:
  - 4: {fileID: 1104535764}
  m_Layer: 0
  m_Name: LeftHandIndex1
  m_TagString: Untagged
  m_Icon: {fileID: 0}
  m_NavMeshLayer: 0
  m_StaticEditorFlags: 0
  m_IsActive: 1
--- !u!4 &1104535764
Transform:
  m_ObjectHideFlags: 0
  m_PrefabParentObject: {fileID: 400050, guid: 1d447d051c26ea04caa02aa1711555fc, type: 2}
  m_PrefabInternal: {fileID: 0}
  m_GameObject: {fileID: 1104535763}
  m_LocalRotation: {x: 0, y: 0, z: .0907121599, w: .995877206}
  m_LocalPosition: {x: -.104550749, y: .00582272327, z: .0270547867}
  m_LocalScale: {x: 1, y: 1, z: 1}
  m_Children:
  - {fileID: 2057732110}
  m_Father: {fileID: 934291651}
--- !u!1 &1115922765
GameObject:
  m_ObjectHideFlags: 0
  m_PrefabParentObject: {fileID: 100068, guid: 1d447d051c26ea04caa02aa1711555fc, type: 2}
  m_PrefabInternal: {fileID: 0}
  serializedVersion: 4
  m_Component:
  - 4: {fileID: 1115922766}
  m_Layer: 0
  m_Name: LeftHandThumb2
  m_TagString: Untagged
  m_Icon: {fileID: 0}
  m_NavMeshLayer: 0
  m_StaticEditorFlags: 0
  m_IsActive: 1
--- !u!4 &1115922766
Transform:
  m_ObjectHideFlags: 0
  m_PrefabParentObject: {fileID: 400068, guid: 1d447d051c26ea04caa02aa1711555fc, type: 2}
  m_PrefabInternal: {fileID: 0}
  m_GameObject: {fileID: 1115922765}
  m_LocalRotation: {x: 0, y: -0, z: -0, w: 1}
  m_LocalPosition: {x: -.0336236879, y: -.0100289918, z: .0283977166}
  m_LocalScale: {x: 1, y: 1, z: 1}
  m_Children:
  - {fileID: 1394836946}
  m_Father: {fileID: 1968031239}
--- !u!1 &1213850766
GameObject:
  m_ObjectHideFlags: 0
  m_PrefabParentObject: {fileID: 100074, guid: 1d447d051c26ea04caa02aa1711555fc, type: 2}
  m_PrefabInternal: {fileID: 0}
  serializedVersion: 4
  m_Component:
  - 4: {fileID: 1213850767}
  m_Layer: 0
  m_Name: LeftHandPinky2
  m_TagString: Untagged
  m_Icon: {fileID: 0}
  m_NavMeshLayer: 0
  m_StaticEditorFlags: 0
  m_IsActive: 1
--- !u!4 &1213850767
Transform:
  m_ObjectHideFlags: 0
  m_PrefabParentObject: {fileID: 400074, guid: 1d447d051c26ea04caa02aa1711555fc, type: 2}
  m_PrefabInternal: {fileID: 0}
  m_GameObject: {fileID: 1213850766}
  m_LocalRotation: {x: 0, y: 0, z: .286130667, w: .95819062}
  m_LocalPosition: {x: -.0365885645, y: .00617273897, z: 4.65661287e-07}
  m_LocalScale: {x: 1, y: 1, z: 1}
  m_Children:
  - {fileID: 2129006787}
  m_Father: {fileID: 2102336825}
--- !u!1 &1219207333
GameObject:
  m_ObjectHideFlags: 0
  m_PrefabParentObject: {fileID: 100058, guid: 1d447d051c26ea04caa02aa1711555fc, type: 2}
  m_PrefabInternal: {fileID: 0}
  serializedVersion: 4
  m_Component:
  - 4: {fileID: 1219207334}
  m_Layer: 0
  m_Name: RightHandMiddle2
  m_TagString: Untagged
  m_Icon: {fileID: 0}
  m_NavMeshLayer: 0
  m_StaticEditorFlags: 0
  m_IsActive: 1
--- !u!4 &1219207334
Transform:
  m_ObjectHideFlags: 0
  m_PrefabParentObject: {fileID: 400058, guid: 1d447d051c26ea04caa02aa1711555fc, type: 2}
  m_PrefabInternal: {fileID: 0}
  m_GameObject: {fileID: 1219207333}
  m_LocalRotation: {x: 0, y: 0, z: -.206251547, w: .978499055}
  m_LocalPosition: {x: .0561734289, y: 2.33761966e-07, z: 1.95112079e-07}
  m_LocalScale: {x: 1, y: 1, z: 1}
  m_Children:
  - {fileID: 279688383}
  m_Father: {fileID: 53897554}
--- !u!1 &1240903074
GameObject:
  m_ObjectHideFlags: 0
  m_PrefabParentObject: {fileID: 100070, guid: 1d447d051c26ea04caa02aa1711555fc, type: 2}
  m_PrefabInternal: {fileID: 0}
  serializedVersion: 4
  m_Component:
  - 4: {fileID: 1240903075}
  m_Layer: 0
  m_Name: TongueTip
  m_TagString: Untagged
  m_Icon: {fileID: 0}
  m_NavMeshLayer: 0
  m_StaticEditorFlags: 0
  m_IsActive: 1
--- !u!4 &1240903075
Transform:
  m_ObjectHideFlags: 0
  m_PrefabParentObject: {fileID: 400070, guid: 1d447d051c26ea04caa02aa1711555fc, type: 2}
  m_PrefabInternal: {fileID: 0}
  m_GameObject: {fileID: 1240903074}
  m_LocalRotation: {x: 0, y: -0, z: -0, w: 1}
  m_LocalPosition: {x: -1.73472344e-20, y: -.0216575675, z: .0814167187}
  m_LocalScale: {x: 1, y: 1, z: 1}
  m_Children: []
  m_Father: {fileID: 949194933}
--- !u!1 &1251972208
GameObject:
  m_ObjectHideFlags: 0
  m_PrefabParentObject: {fileID: 100034, guid: 1d447d051c26ea04caa02aa1711555fc, type: 2}
  m_PrefabInternal: {fileID: 0}
  serializedVersion: 4
  m_Component:
  - 4: {fileID: 1251972209}
  m_Layer: 0
  m_Name: LeftHandPinky4
  m_TagString: Untagged
  m_Icon: {fileID: 0}
  m_NavMeshLayer: 0
  m_StaticEditorFlags: 0
  m_IsActive: 1
--- !u!4 &1251972209
Transform:
  m_ObjectHideFlags: 0
  m_PrefabParentObject: {fileID: 400034, guid: 1d447d051c26ea04caa02aa1711555fc, type: 2}
  m_PrefabInternal: {fileID: 0}
  m_GameObject: {fileID: 1251972208}
  m_LocalRotation: {x: 0, y: -0, z: -0, w: 1}
  m_LocalPosition: {x: -.029000001, y: 2.84217088e-16, z: 1.47911416e-33}
  m_LocalScale: {x: 1, y: 1, z: 1}
  m_Children: []
  m_Father: {fileID: 2129006787}
--- !u!1 &1268975893
GameObject:
  m_ObjectHideFlags: 0
  m_PrefabParentObject: {fileID: 100002, guid: 1d447d051c26ea04caa02aa1711555fc, type: 2}
  m_PrefabInternal: {fileID: 0}
  serializedVersion: 4
  m_Component:
  - 4: {fileID: 1268975894}
  - 111: {fileID: 1268975905}
  - 143: {fileID: 1268975904}
  - 114: {fileID: 1268975903}
  - 114: {fileID: 1268975902}
  - 114: {fileID: 1268975901}
  - 95: {fileID: 1268975900}
  - 23: {fileID: 1268975899}
  - 114: {fileID: 1268975898}
  - 82: {fileID: 1268975897}
  - 114: {fileID: 1268975896}
  - 114: {fileID: 1268975895}
  m_Layer: 0
  m_Name: justin
  m_TagString: Player
  m_Icon: {fileID: 0}
  m_NavMeshLayer: 0
  m_StaticEditorFlags: 0
  m_IsActive: 1
--- !u!4 &1268975894
Transform:
  m_ObjectHideFlags: 0
  m_PrefabParentObject: {fileID: 400002, guid: 1d447d051c26ea04caa02aa1711555fc, type: 2}
  m_PrefabInternal: {fileID: 0}
  m_GameObject: {fileID: 1268975893}
  m_LocalRotation: {x: 0, y: 0, z: 0, w: 1}
  m_LocalPosition: {x: 7.25980043, y: -3.27712607, z: -14.3115349}
  m_LocalScale: {x: 1.39999998, y: 1.39999998, z: 1.39999998}
  m_Children:
  - {fileID: 73738754}
  - {fileID: 353075334}
  - {fileID: 928903296}
  m_Father: {fileID: 0}
--- !u!114 &1268975895
MonoBehaviour:
  m_ObjectHideFlags: 0
  m_PrefabParentObject: {fileID: 11400000, guid: 1d447d051c26ea04caa02aa1711555fc,
    type: 2}
  m_PrefabInternal: {fileID: 0}
  m_GameObject: {fileID: 1268975893}
  m_Enabled: 1
  m_EditorHideFlags: 0
  m_Script: {fileID: 11500000, guid: 71683b6285f8b3745bbdf413994482b3, type: 3}
  m_Name: 
  m_EditorClassIdentifier: 
--- !u!114 &1268975896
MonoBehaviour:
  m_ObjectHideFlags: 0
  m_PrefabParentObject: {fileID: 11400002, guid: 1d447d051c26ea04caa02aa1711555fc,
    type: 2}
  m_PrefabInternal: {fileID: 0}
  m_GameObject: {fileID: 1268975893}
  m_Enabled: 1
  m_EditorHideFlags: 0
  m_Script: {fileID: 11500000, guid: b4e5fbaccbee28d499a15a4a90df730d, type: 3}
  m_Name: 
  m_EditorClassIdentifier: 
  pushPower: 2
--- !u!82 &1268975897
AudioSource:
  m_ObjectHideFlags: 0
  m_PrefabParentObject: {fileID: 8200000, guid: 1d447d051c26ea04caa02aa1711555fc,
    type: 2}
  m_PrefabInternal: {fileID: 0}
  m_GameObject: {fileID: 1268975893}
  m_Enabled: 0
  serializedVersion: 3
  m_audioClip: {fileID: 8300000, guid: dd6970bea333d2344b0def5dda88f14e, type: 3}
  m_PlayOnAwake: 1
  m_Volume: 1
  m_Pitch: 1
  Loop: 1
  Mute: 0
  Priority: 128
  DopplerLevel: 1
  MinDistance: 1
  MaxDistance: 500
  Pan2D: 0
  rolloffMode: 0
  BypassEffects: 0
  BypassListenerEffects: 0
  BypassReverbZones: 0
  rolloffCustomCurve:
    serializedVersion: 2
    m_Curve:
    - time: 0
      value: 1
      inSlope: 0
      outSlope: 0
      tangentMode: 0
    - time: 1
      value: 0
      inSlope: 0
      outSlope: 0
      tangentMode: 0
    m_PreInfinity: 2
    m_PostInfinity: 2
  panLevelCustomCurve:
    serializedVersion: 2
    m_Curve:
    - time: 0
      value: 1
      inSlope: 0
      outSlope: 0
      tangentMode: 0
    m_PreInfinity: 2
    m_PostInfinity: 2
  spreadCustomCurve:
    serializedVersion: 2
    m_Curve:
    - time: 0
      value: 0
      inSlope: 0
      outSlope: 0
      tangentMode: 0
    m_PreInfinity: 2
    m_PostInfinity: 2
--- !u!114 &1268975898
MonoBehaviour:
  m_ObjectHideFlags: 0
  m_PrefabParentObject: {fileID: 11400004, guid: 1d447d051c26ea04caa02aa1711555fc,
    type: 2}
  m_PrefabInternal: {fileID: 0}
  m_GameObject: {fileID: 1268975893}
  m_Enabled: 1
  m_EditorHideFlags: 0
  m_Script: {fileID: 11500000, guid: 03ccb8ca55bca084f9c32d8e994d83ab, type: 3}
  m_Name: 
  m_EditorClassIdentifier: 
--- !u!23 &1268975899
Renderer:
  m_ObjectHideFlags: 0
  m_PrefabParentObject: {fileID: 2300000, guid: 1d447d051c26ea04caa02aa1711555fc,
    type: 2}
  m_PrefabInternal: {fileID: 0}
  m_GameObject: {fileID: 1268975893}
  m_Enabled: 1
  m_CastShadows: 1
  m_ReceiveShadows: 1
  m_LightmapIndex: 255
  m_LightmapTilingOffset: {x: 1, y: 1, z: 0, w: 0}
  m_Materials:
  - {fileID: 0}
  m_SubsetIndices: 
  m_StaticBatchRoot: {fileID: 0}
  m_UseLightProbes: 0
  m_LightProbeAnchor: {fileID: 0}
  m_ScaleInLightmap: 1
  m_SortingLayer: 0
  m_SortingOrder: 0
  m_SortingLayerID: 0
--- !u!95 &1268975900
Animator:
  serializedVersion: 2
  m_ObjectHideFlags: 0
  m_PrefabParentObject: {fileID: 9500000, guid: 1d447d051c26ea04caa02aa1711555fc,
    type: 2}
  m_PrefabInternal: {fileID: 0}
  m_GameObject: {fileID: 1268975893}
  m_Enabled: 1
  m_Avatar: {fileID: 0}
  m_Controller: {fileID: 9100000, guid: 7a112542ddde0244dba27c8b55510599, type: 2}
  m_CullingMode: 0
  m_ApplyRootMotion: 1
  m_AnimatePhysics: 0
  m_HasTransformHierarchy: 1
--- !u!114 &1268975901
MonoBehaviour:
  m_ObjectHideFlags: 0
  m_PrefabParentObject: {fileID: 11400006, guid: 1d447d051c26ea04caa02aa1711555fc,
    type: 2}
  m_PrefabInternal: {fileID: 0}
  m_GameObject: {fileID: 1268975893}
  m_Enabled: 0
  m_EditorHideFlags: 0
  m_Script: {fileID: 11500000, guid: 68ec2fe99d1108b9d0006a298d76c639, type: 3}
  m_Name: 
  m_EditorClassIdentifier: 
  axes: 1
  sensitivityX: 10
  sensitivityY: 10
  minimumX: 180
  maximumX: -180
  minimumY: -45
  maximumY: 45
--- !u!114 &1268975902
MonoBehaviour:
  m_ObjectHideFlags: 0
  m_PrefabParentObject: {fileID: 11400008, guid: 1d447d051c26ea04caa02aa1711555fc,
    type: 2}
  m_PrefabInternal: {fileID: 0}
  m_GameObject: {fileID: 1268975893}
  m_Enabled: 0
  m_EditorHideFlags: 0
  m_Script: {fileID: 11500000, guid: 60bca8f58a0b8478e946e6e86658cb29, type: 3}
  m_Name: 
  m_EditorClassIdentifier: 
  animator: {fileID: 0}
--- !u!114 &1268975903
MonoBehaviour:
  m_ObjectHideFlags: 0
  m_PrefabParentObject: {fileID: 11400010, guid: 1d447d051c26ea04caa02aa1711555fc,
    type: 2}
  m_PrefabInternal: {fileID: 0}
  m_GameObject: {fileID: 1268975893}
  m_Enabled: 0
  m_EditorHideFlags: 0
  m_Script: {fileID: 11500000, guid: 0ab79d7f243824f5d9826bd83522c8df, type: 3}
  m_Name: 
  m_EditorClassIdentifier: 
  canControl: 1
  useFixedUpdate: 1
  movement:
    maxForwardSpeed: 4
    maxSidewaysSpeed: 3
    maxBackwardsSpeed: 5
    slopeSpeedMultiplier:
      serializedVersion: 2
      m_Curve:
      - time: -90
        value: 1
        inSlope: 0
        outSlope: 0
        tangentMode: 0
      - time: 0
        value: 1
        inSlope: 0
        outSlope: 0
        tangentMode: 0
      - time: 90
        value: 0
        inSlope: 0
        outSlope: 0
        tangentMode: 0
      m_PreInfinity: 2
      m_PostInfinity: 2
    maxGroundAcceleration: 30
    maxAirAcceleration: 20
    gravity: 10
    maxFallSpeed: 20
  jumping:
    enabled: 0
    baseHeight: 1
    extraHeight: 4.0999999
    perpAmount: 0
    steepPerpAmount: .5
  movingPlatform:
    enabled: 1
    movementTransfer: 2
  sliding:
    enabled: 0
    slidingSpeed: 15
    sidewaysControl: 1
    speedControl: .400000006
--- !u!143 &1268975904
CharacterController:
  m_ObjectHideFlags: 0
  m_PrefabParentObject: {fileID: 14300000, guid: 1d447d051c26ea04caa02aa1711555fc,
    type: 2}
  m_PrefabInternal: {fileID: 0}
  m_GameObject: {fileID: 1268975893}
  serializedVersion: 2
  m_Height: 1.84000003
  m_Radius: .25999999
  m_SlopeLimit: 45
  m_StepOffset: .300000012
  m_SkinWidth: .0799999982
  m_MinMoveDistance: 0
  m_Center: {x: 0, y: .920000017, z: 0}
--- !u!111 &1268975905
Animation:
  m_ObjectHideFlags: 0
  m_PrefabParentObject: {fileID: 11100000, guid: 1d447d051c26ea04caa02aa1711555fc,
    type: 2}
  m_PrefabInternal: {fileID: 0}
  m_GameObject: {fileID: 1268975893}
  m_Enabled: 1
  serializedVersion: 3
  m_Animation: {fileID: 0}
  m_Animations: []
  m_WrapMode: 0
  m_PlayAutomatically: 1
  m_AnimatePhysics: 0
  m_CullingType: 1
--- !u!1 &1322539474
GameObject:
  m_ObjectHideFlags: 0
  m_PrefabParentObject: {fileID: 100044, guid: 1d447d051c26ea04caa02aa1711555fc, type: 2}
  m_PrefabInternal: {fileID: 0}
  serializedVersion: 4
  m_Component:
  - 4: {fileID: 1322539475}
  m_Layer: 0
  m_Name: LeftEyelidLower
  m_TagString: Untagged
  m_Icon: {fileID: 0}
  m_NavMeshLayer: 0
  m_StaticEditorFlags: 0
  m_IsActive: 1
--- !u!4 &1322539475
Transform:
  m_ObjectHideFlags: 0
  m_PrefabParentObject: {fileID: 400044, guid: 1d447d051c26ea04caa02aa1711555fc, type: 2}
  m_PrefabInternal: {fileID: 0}
  m_GameObject: {fileID: 1322539474}
  m_LocalRotation: {x: 0, y: -0, z: -0, w: 1}
  m_LocalPosition: {x: -.0357169993, y: .0765711218, z: .1158223}
  m_LocalScale: {x: 1, y: 1, z: 1}
  m_Children: []
  m_Father: {fileID: 334484615}
--- !u!1 &1335564522
GameObject:
  m_ObjectHideFlags: 0
  m_PrefabParentObject: {fileID: 0}
  m_PrefabInternal: {fileID: 0}
  serializedVersion: 4
  m_Component:
  - 4: {fileID: 1335564527}
  - 20: {fileID: 1335564526}
  - 92: {fileID: 1335564525}
  - 124: {fileID: 1335564524}
  - 81: {fileID: 1335564523}
  - 212: {fileID: 1335564528}
  m_Layer: 0
  m_Name: Main Camera
  m_TagString: MainCamera
  m_Icon: {fileID: 0}
  m_NavMeshLayer: 0
  m_StaticEditorFlags: 0
  m_IsActive: 1
--- !u!81 &1335564523
AudioListener:
  m_ObjectHideFlags: 0
  m_PrefabParentObject: {fileID: 0}
  m_PrefabInternal: {fileID: 0}
  m_GameObject: {fileID: 1335564522}
  m_Enabled: 1
--- !u!124 &1335564524
Behaviour:
  m_ObjectHideFlags: 0
  m_PrefabParentObject: {fileID: 0}
  m_PrefabInternal: {fileID: 0}
  m_GameObject: {fileID: 1335564522}
  m_Enabled: 1
--- !u!92 &1335564525
Behaviour:
  m_ObjectHideFlags: 0
  m_PrefabParentObject: {fileID: 0}
  m_PrefabInternal: {fileID: 0}
  m_GameObject: {fileID: 1335564522}
  m_Enabled: 1
--- !u!20 &1335564526
Camera:
  m_ObjectHideFlags: 0
  m_PrefabParentObject: {fileID: 0}
  m_PrefabInternal: {fileID: 0}
  m_GameObject: {fileID: 1335564522}
  m_Enabled: 1
  serializedVersion: 2
  m_ClearFlags: 1
  m_BackGroundColor: {r: .192156866, g: .301960796, b: .474509805, a: .0196078438}
  m_NormalizedViewPortRect:
    serializedVersion: 2
    x: 0
    y: 0
    width: 1
    height: 1
  near clip plane: .300000012
  far clip plane: 1000
  field of view: 60
  orthographic: 0
  orthographic size: 5
  m_Depth: -1
  m_CullingMask:
    serializedVersion: 2
    m_Bits: 4294967295
  m_RenderingPath: -1
  m_TargetTexture: {fileID: 0}
  m_HDR: 0
  m_OcclusionCulling: 1
--- !u!4 &1335564527
Transform:
  m_ObjectHideFlags: 0
  m_PrefabParentObject: {fileID: 0}
  m_PrefabInternal: {fileID: 0}
  m_GameObject: {fileID: 1335564522}
  m_LocalRotation: {x: .702711046, y: 0, z: 0, w: .711475432}
  m_LocalPosition: {x: -.137243271, y: 3.48172998, z: -5.70405531}
  m_LocalScale: {x: 1, y: 1, z: 1}
  m_Children: []
  m_Father: {fileID: 0}
--- !u!212 &1335564528
SpriteRenderer:
  m_ObjectHideFlags: 0
  m_PrefabParentObject: {fileID: 0}
  m_PrefabInternal: {fileID: 0}
  m_GameObject: {fileID: 1335564522}
  m_Enabled: 1
  m_CastShadows: 0
  m_ReceiveShadows: 0
  m_LightmapIndex: 255
  m_LightmapTilingOffset: {x: 1, y: 1, z: 0, w: 0}
  m_Materials:
  - {fileID: 10754, guid: 0000000000000000e000000000000000, type: 0}
  m_SubsetIndices: 
  m_StaticBatchRoot: {fileID: 0}
  m_UseLightProbes: 0
  m_LightProbeAnchor: {fileID: 0}
  m_ScaleInLightmap: 1
  m_SortingLayer: 0
  m_SortingOrder: 0
  m_SortingLayerID: 0
  m_Sprite: {fileID: 0}
  m_Color: {r: 1, g: 1, b: 1, a: 1}
--- !u!1 &1394836945
GameObject:
  m_ObjectHideFlags: 0
  m_PrefabParentObject: {fileID: 100180, guid: 1d447d051c26ea04caa02aa1711555fc, type: 2}
  m_PrefabInternal: {fileID: 0}
  serializedVersion: 4
  m_Component:
  - 4: {fileID: 1394836946}
  m_Layer: 0
  m_Name: LeftHandThumb3
  m_TagString: Untagged
  m_Icon: {fileID: 0}
  m_NavMeshLayer: 0
  m_StaticEditorFlags: 0
  m_IsActive: 1
--- !u!4 &1394836946
Transform:
  m_ObjectHideFlags: 0
  m_PrefabParentObject: {fileID: 400180, guid: 1d447d051c26ea04caa02aa1711555fc, type: 2}
  m_PrefabInternal: {fileID: 0}
  m_GameObject: {fileID: 1394836945}
  m_LocalRotation: {x: 0, y: -0, z: -0, w: 1}
  m_LocalPosition: {x: -.0450179465, y: -.0134449983, z: .0217826758}
  m_LocalScale: {x: 1, y: 1, z: 1}
  m_Children:
  - {fileID: 335503842}
  m_Father: {fileID: 1115922766}
--- !u!1 &1405056265
GameObject:
  m_ObjectHideFlags: 0
  m_PrefabParentObject: {fileID: 100186, guid: 1d447d051c26ea04caa02aa1711555fc, type: 2}
  m_PrefabInternal: {fileID: 0}
  serializedVersion: 4
  m_Component:
  - 4: {fileID: 1405056266}
  m_Layer: 0
  m_Name: JawEND
  m_TagString: Untagged
  m_Icon: {fileID: 0}
  m_NavMeshLayer: 0
  m_StaticEditorFlags: 0
  m_IsActive: 1
--- !u!4 &1405056266
Transform:
  m_ObjectHideFlags: 0
  m_PrefabParentObject: {fileID: 400186, guid: 1d447d051c26ea04caa02aa1711555fc, type: 2}
  m_PrefabInternal: {fileID: 0}
  m_GameObject: {fileID: 1405056265}
  m_LocalRotation: {x: 0, y: -0, z: -0, w: 1}
  m_LocalPosition: {x: -1.73472344e-20, y: -.0258115008, z: .0978506356}
  m_LocalScale: {x: 1, y: 1, z: 1}
  m_Children: []
  m_Father: {fileID: 949194933}
--- !u!1 &1432569380
GameObject:
  m_ObjectHideFlags: 0
  m_PrefabParentObject: {fileID: 100078, guid: 1d447d051c26ea04caa02aa1711555fc, type: 2}
  m_PrefabInternal: {fileID: 0}
  serializedVersion: 4
  m_Component:
  - 4: {fileID: 1432569381}
  m_Layer: 0
  m_Name: LeftUpLeg
  m_TagString: Untagged
  m_Icon: {fileID: 0}
  m_NavMeshLayer: 0
  m_StaticEditorFlags: 0
  m_IsActive: 1
--- !u!4 &1432569381
Transform:
  m_ObjectHideFlags: 0
  m_PrefabParentObject: {fileID: 400078, guid: 1d447d051c26ea04caa02aa1711555fc, type: 2}
  m_PrefabInternal: {fileID: 0}
  m_GameObject: {fileID: 1432569380}
  m_LocalRotation: {x: 0, y: -0, z: -0, w: 1}
  m_LocalPosition: {x: -.0963378921, y: -.0327325426, z: -7.15255721e-09}
  m_LocalScale: {x: 1, y: 1, z: 1}
  m_Children:
  - {fileID: 1655083267}
  m_Father: {fileID: 353075334}
--- !u!1 &1466518855
GameObject:
  m_ObjectHideFlags: 0
  m_PrefabParentObject: {fileID: 100120, guid: 1d447d051c26ea04caa02aa1711555fc, type: 2}
  m_PrefabInternal: {fileID: 0}
  serializedVersion: 4
  m_Component:
  - 4: {fileID: 1466518856}
  m_Layer: 0
  m_Name: RightNostril
  m_TagString: Untagged
  m_Icon: {fileID: 0}
  m_NavMeshLayer: 0
  m_StaticEditorFlags: 0
  m_IsActive: 1
--- !u!4 &1466518856
Transform:
  m_ObjectHideFlags: 0
  m_PrefabParentObject: {fileID: 400120, guid: 1d447d051c26ea04caa02aa1711555fc, type: 2}
  m_PrefabInternal: {fileID: 0}
  m_GameObject: {fileID: 1466518855}
  m_LocalRotation: {x: 0, y: -0, z: -0, w: 1}
  m_LocalPosition: {x: .0214520786, y: .0171410367, z: .157358557}
  m_LocalScale: {x: 1, y: 1, z: 1}
  m_Children: []
  m_Father: {fileID: 334484615}
--- !u!1 &1502432339
GameObject:
  m_ObjectHideFlags: 0
  m_PrefabParentObject: {fileID: 100148, guid: 1d447d051c26ea04caa02aa1711555fc, type: 2}
  m_PrefabInternal: {fileID: 0}
  serializedVersion: 4
  m_Component:
  - 4: {fileID: 1502432340}
  m_Layer: 0
  m_Name: RightHandIndex4
  m_TagString: Untagged
  m_Icon: {fileID: 0}
  m_NavMeshLayer: 0
  m_StaticEditorFlags: 0
  m_IsActive: 1
--- !u!4 &1502432340
Transform:
  m_ObjectHideFlags: 0
  m_PrefabParentObject: {fileID: 400148, guid: 1d447d051c26ea04caa02aa1711555fc, type: 2}
  m_PrefabInternal: {fileID: 0}
  m_GameObject: {fileID: 1502432339}
  m_LocalRotation: {x: 0, y: -0, z: -0, w: 1}
  m_LocalPosition: {x: .0259999987, y: 0, z: 0}
  m_LocalScale: {x: 1, y: 1, z: 1}
  m_Children: []
  m_Father: {fileID: 1878091323}
--- !u!1 &1512423540
GameObject:
  m_ObjectHideFlags: 0
  m_PrefabParentObject: {fileID: 100156, guid: 1d447d051c26ea04caa02aa1711555fc, type: 2}
  m_PrefabInternal: {fileID: 0}
  serializedVersion: 4
  m_Component:
  - 4: {fileID: 1512423541}
  m_Layer: 0
  m_Name: TongueBack
  m_TagString: Untagged
  m_Icon: {fileID: 0}
  m_NavMeshLayer: 0
  m_StaticEditorFlags: 0
  m_IsActive: 1
--- !u!4 &1512423541
Transform:
  m_ObjectHideFlags: 0
  m_PrefabParentObject: {fileID: 400156, guid: 1d447d051c26ea04caa02aa1711555fc, type: 2}
  m_PrefabInternal: {fileID: 0}
  m_GameObject: {fileID: 1512423540}
  m_LocalRotation: {x: 0, y: -0, z: -0, w: 1}
  m_LocalPosition: {x: -1.73472344e-20, y: -.011488908, z: .0531587973}
  m_LocalScale: {x: 1, y: 1, z: 1}
  m_Children: []
  m_Father: {fileID: 949194933}
--- !u!1 &1521361069
GameObject:
  m_ObjectHideFlags: 0
  m_PrefabParentObject: {fileID: 100106, guid: 1d447d051c26ea04caa02aa1711555fc, type: 2}
  m_PrefabInternal: {fileID: 0}
  serializedVersion: 4
  m_Component:
  - 4: {fileID: 1521361070}
  m_Layer: 0
  m_Name: LeftForeArm
  m_TagString: Untagged
  m_Icon: {fileID: 0}
  m_NavMeshLayer: 0
  m_StaticEditorFlags: 0
  m_IsActive: 1
--- !u!4 &1521361070
Transform:
  m_ObjectHideFlags: 0
  m_PrefabParentObject: {fileID: 400106, guid: 1d447d051c26ea04caa02aa1711555fc, type: 2}
  m_PrefabInternal: {fileID: 0}
  m_GameObject: {fileID: 1521361069}
  m_LocalRotation: {x: 0, y: -0, z: -0, w: 1}
  m_LocalPosition: {x: -.276870102, y: 0, z: 0}
  m_LocalScale: {x: 1, y: 1, z: 1}
  m_Children:
  - {fileID: 934291651}
  m_Father: {fileID: 736810759}
--- !u!1 &1525624891
GameObject:
  m_ObjectHideFlags: 0
  m_PrefabParentObject: {fileID: 100138, guid: 1d447d051c26ea04caa02aa1711555fc, type: 2}
  m_PrefabInternal: {fileID: 0}
  serializedVersion: 4
  m_Component:
  - 4: {fileID: 1525624892}
  m_Layer: 0
  m_Name: HeadTop_End
  m_TagString: Untagged
  m_Icon: {fileID: 0}
  m_NavMeshLayer: 0
  m_StaticEditorFlags: 0
  m_IsActive: 1
--- !u!4 &1525624892
Transform:
  m_ObjectHideFlags: 0
  m_PrefabParentObject: {fileID: 400138, guid: 1d447d051c26ea04caa02aa1711555fc, type: 2}
  m_PrefabInternal: {fileID: 0}
  m_GameObject: {fileID: 1525624891}
  m_LocalRotation: {x: 0, y: -0, z: -0, w: 1}
  m_LocalPosition: {x: -5.17045827e-18, y: .248092577, z: .00123128889}
  m_LocalScale: {x: 1, y: 1, z: 1}
  m_Children: []
  m_Father: {fileID: 334484615}
--- !u!1 &1537340406
GameObject:
  m_ObjectHideFlags: 0
  m_PrefabParentObject: {fileID: 100042, guid: 1d447d051c26ea04caa02aa1711555fc, type: 2}
  m_PrefabInternal: {fileID: 0}
  serializedVersion: 4
  m_Component:
  - 4: {fileID: 1537340407}
  m_Layer: 0
  m_Name: LeftLipCorner
  m_TagString: Untagged
  m_Icon: {fileID: 0}
  m_NavMeshLayer: 0
  m_StaticEditorFlags: 0
  m_IsActive: 1
--- !u!4 &1537340407
Transform:
  m_ObjectHideFlags: 0
  m_PrefabParentObject: {fileID: 400042, guid: 1d447d051c26ea04caa02aa1711555fc, type: 2}
  m_PrefabInternal: {fileID: 0}
  m_GameObject: {fileID: 1537340406}
  m_LocalRotation: {x: 0, y: -0, z: -0, w: 1}
  m_LocalPosition: {x: -.0382503271, y: -.00510729244, z: .0708584115}
  m_LocalScale: {x: 1, y: 1, z: 1}
  m_Children: []
  m_Father: {fileID: 949194933}
--- !u!1 &1545343261
GameObject:
  m_ObjectHideFlags: 0
  m_PrefabParentObject: {fileID: 100072, guid: 1d447d051c26ea04caa02aa1711555fc, type: 2}
  m_PrefabInternal: {fileID: 0}
  serializedVersion: 4
  m_Component:
  - 4: {fileID: 1545343262}
  m_Layer: 0
  m_Name: RightHandPinky1
  m_TagString: Untagged
  m_Icon: {fileID: 0}
  m_NavMeshLayer: 0
  m_StaticEditorFlags: 0
  m_IsActive: 1
--- !u!4 &1545343262
Transform:
  m_ObjectHideFlags: 0
  m_PrefabParentObject: {fileID: 400072, guid: 1d447d051c26ea04caa02aa1711555fc, type: 2}
  m_PrefabInternal: {fileID: 0}
  m_GameObject: {fileID: 1545343261}
  m_LocalRotation: {x: 0, y: 0, z: -.0967943519, w: .995304406}
  m_LocalPosition: {x: .0992063582, y: -.000388961082, z: -.0395402946}
  m_LocalScale: {x: 1, y: 1, z: 1}
  m_Children:
  - {fileID: 751752116}
  m_Father: {fileID: 32499197}
--- !u!1 &1547528890
GameObject:
  m_ObjectHideFlags: 0
  m_PrefabParentObject: {fileID: 100164, guid: 1d447d051c26ea04caa02aa1711555fc, type: 2}
  m_PrefabInternal: {fileID: 0}
  serializedVersion: 4
  m_Component:
  - 4: {fileID: 1547528891}
  m_Layer: 0
  m_Name: RightLipUpper
  m_TagString: Untagged
  m_Icon: {fileID: 0}
  m_NavMeshLayer: 0
  m_StaticEditorFlags: 0
  m_IsActive: 1
--- !u!4 &1547528891
Transform:
  m_ObjectHideFlags: 0
  m_PrefabParentObject: {fileID: 400164, guid: 1d447d051c26ea04caa02aa1711555fc, type: 2}
  m_PrefabInternal: {fileID: 0}
  m_GameObject: {fileID: 1547528890}
  m_LocalRotation: {x: 0, y: -0, z: -0, w: 1}
  m_LocalPosition: {x: .0145013221, y: -.00616915943, z: .152763084}
  m_LocalScale: {x: 1, y: 1, z: 1}
  m_Children: []
  m_Father: {fileID: 334484615}
--- !u!1 &1577460632
GameObject:
  m_ObjectHideFlags: 0
  m_PrefabParentObject: {fileID: 100146, guid: 1d447d051c26ea04caa02aa1711555fc, type: 2}
  m_PrefabInternal: {fileID: 0}
  serializedVersion: 4
  m_Component:
  - 4: {fileID: 1577460633}
  m_Layer: 0
  m_Name: LeftCheek
  m_TagString: Untagged
  m_Icon: {fileID: 0}
  m_NavMeshLayer: 0
  m_StaticEditorFlags: 0
  m_IsActive: 1
--- !u!4 &1577460633
Transform:
  m_ObjectHideFlags: 0
  m_PrefabParentObject: {fileID: 400146, guid: 1d447d051c26ea04caa02aa1711555fc, type: 2}
  m_PrefabInternal: {fileID: 0}
  m_GameObject: {fileID: 1577460632}
  m_LocalRotation: {x: 0, y: -0, z: -0, w: 1}
  m_LocalPosition: {x: -.0492222235, y: .0332196392, z: .129197583}
  m_LocalScale: {x: 1, y: 1, z: 1}
  m_Children: []
  m_Father: {fileID: 334484615}
--- !u!1 &1593004039
GameObject:
  m_ObjectHideFlags: 0
  m_PrefabParentObject: {fileID: 100140, guid: 1d447d051c26ea04caa02aa1711555fc, type: 2}
  m_PrefabInternal: {fileID: 0}
  serializedVersion: 4
  m_Component:
  - 4: {fileID: 1593004040}
  m_Layer: 0
  m_Name: RightCheek
  m_TagString: Untagged
  m_Icon: {fileID: 0}
  m_NavMeshLayer: 0
  m_StaticEditorFlags: 0
  m_IsActive: 1
--- !u!4 &1593004040
Transform:
  m_ObjectHideFlags: 0
  m_PrefabParentObject: {fileID: 400140, guid: 1d447d051c26ea04caa02aa1711555fc, type: 2}
  m_PrefabInternal: {fileID: 0}
  m_GameObject: {fileID: 1593004039}
  m_LocalRotation: {x: 0, y: -0, z: -0, w: 1}
  m_LocalPosition: {x: .0492222235, y: .0332196392, z: .129197583}
  m_LocalScale: {x: 1, y: 1, z: 1}
  m_Children: []
  m_Father: {fileID: 334484615}
--- !u!1 &1629964211
GameObject:
  m_ObjectHideFlags: 0
  m_PrefabParentObject: {fileID: 100188, guid: 1d447d051c26ea04caa02aa1711555fc, type: 2}
  m_PrefabInternal: {fileID: 0}
  serializedVersion: 4
  m_Component:
  - 4: {fileID: 1629964212}
  m_Layer: 0
  m_Name: RightIOuterBrow
  m_TagString: Untagged
  m_Icon: {fileID: 0}
  m_NavMeshLayer: 0
  m_StaticEditorFlags: 0
  m_IsActive: 1
--- !u!4 &1629964212
Transform:
  m_ObjectHideFlags: 0
  m_PrefabParentObject: {fileID: 400188, guid: 1d447d051c26ea04caa02aa1711555fc, type: 2}
  m_PrefabInternal: {fileID: 0}
  m_GameObject: {fileID: 1629964211}
  m_LocalRotation: {x: 0, y: -0, z: -0, w: 1}
  m_LocalPosition: {x: .0530205332, y: .0944436565, z: .134605303}
  m_LocalScale: {x: 1, y: 1, z: 1}
  m_Children: []
  m_Father: {fileID: 334484615}
--- !u!1 &1655083266
GameObject:
  m_ObjectHideFlags: 0
  m_PrefabParentObject: {fileID: 100022, guid: 1d447d051c26ea04caa02aa1711555fc, type: 2}
  m_PrefabInternal: {fileID: 0}
  serializedVersion: 4
  m_Component:
  - 4: {fileID: 1655083267}
  m_Layer: 0
  m_Name: LeftLeg
  m_TagString: Untagged
  m_Icon: {fileID: 0}
  m_NavMeshLayer: 0
  m_StaticEditorFlags: 0
  m_IsActive: 1
--- !u!4 &1655083267
Transform:
  m_ObjectHideFlags: 0
  m_PrefabParentObject: {fileID: 400022, guid: 1d447d051c26ea04caa02aa1711555fc, type: 2}
  m_PrefabInternal: {fileID: 0}
  m_GameObject: {fileID: 1655083266}
  m_LocalRotation: {x: 0, y: -0, z: -0, w: 1}
  m_LocalPosition: {x: -0, y: -.417299986, z: -.0172996521}
  m_LocalScale: {x: 1, y: 1, z: 1}
  m_Children:
  - {fileID: 1901837674}
  m_Father: {fileID: 1432569381}
--- !u!1 &1694577183
GameObject:
  m_ObjectHideFlags: 0
  m_PrefabParentObject: {fileID: 100066, guid: 1d447d051c26ea04caa02aa1711555fc, type: 2}
  m_PrefabInternal: {fileID: 0}
  serializedVersion: 4
  m_Component:
  - 4: {fileID: 1694577184}
  m_Layer: 0
  m_Name: RightHandIndex1
  m_TagString: Untagged
  m_Icon: {fileID: 0}
  m_NavMeshLayer: 0
  m_StaticEditorFlags: 0
  m_IsActive: 1
--- !u!4 &1694577184
Transform:
  m_ObjectHideFlags: 0
  m_PrefabParentObject: {fileID: 400066, guid: 1d447d051c26ea04caa02aa1711555fc, type: 2}
  m_PrefabInternal: {fileID: 0}
  m_GameObject: {fileID: 1694577183}
  m_LocalRotation: {x: 0, y: 0, z: -.0967943519, w: .995304406}
  m_LocalPosition: {x: .105243474, y: .0046721478, z: .0271196365}
  m_LocalScale: {x: 1, y: 1, z: 1}
  m_Children:
  - {fileID: 973992345}
  m_Father: {fileID: 32499197}
--- !u!1 &1700505181
GameObject:
  m_ObjectHideFlags: 0
  m_PrefabParentObject: {fileID: 100158, guid: 1d447d051c26ea04caa02aa1711555fc, type: 2}
  m_PrefabInternal: {fileID: 0}
  serializedVersion: 4
  m_Component:
  - 4: {fileID: 1700505182}
  m_Layer: 0
  m_Name: RightArm
  m_TagString: Untagged
  m_Icon: {fileID: 0}
  m_NavMeshLayer: 0
  m_StaticEditorFlags: 0
  m_IsActive: 1
--- !u!4 &1700505182
Transform:
  m_ObjectHideFlags: 0
  m_PrefabParentObject: {fileID: 400158, guid: 1d447d051c26ea04caa02aa1711555fc, type: 2}
  m_PrefabInternal: {fileID: 0}
  m_GameObject: {fileID: 1700505181}
  m_LocalRotation: {x: 0, y: 0, z: -.629559755, w: .776952147}
  m_LocalPosition: {x: .12322937, y: -.011129804, z: -.0179348923}
  m_LocalScale: {x: 1, y: 1, z: 1}
  m_Children:
  - {fileID: 2106096528}
  m_Father: {fileID: 746835147}
--- !u!1 &1719337683
GameObject:
  m_ObjectHideFlags: 0
  m_PrefabParentObject: {fileID: 100012, guid: 1d447d051c26ea04caa02aa1711555fc, type: 2}
  m_PrefabInternal: {fileID: 0}
  serializedVersion: 4
  m_Component:
  - 4: {fileID: 1719337684}
  m_Layer: 0
  m_Name: RightHandThumb1
  m_TagString: Untagged
  m_Icon: {fileID: 0}
  m_NavMeshLayer: 0
  m_StaticEditorFlags: 0
  m_IsActive: 1
--- !u!4 &1719337684
Transform:
  m_ObjectHideFlags: 0
  m_PrefabParentObject: {fileID: 400012, guid: 1d447d051c26ea04caa02aa1711555fc, type: 2}
  m_PrefabInternal: {fileID: 0}
  m_GameObject: {fileID: 1719337683}
  m_LocalRotation: {x: 0, y: -0, z: -0, w: 1}
  m_LocalPosition: {x: .0251776613, y: -.00936666969, z: .0251366831}
  m_LocalScale: {x: 1, y: 1, z: 1}
  m_Children:
  - {fileID: 1008540870}
  m_Father: {fileID: 32499197}
--- !u!1 &1794590369
GameObject:
  m_ObjectHideFlags: 0
  m_PrefabParentObject: {fileID: 100082, guid: 1d447d051c26ea04caa02aa1711555fc, type: 2}
  m_PrefabInternal: {fileID: 0}
  serializedVersion: 4
  m_Component:
  - 4: {fileID: 1794590370}
  m_Layer: 0
  m_Name: Neck1
  m_TagString: Untagged
  m_Icon: {fileID: 0}
  m_NavMeshLayer: 0
  m_StaticEditorFlags: 0
  m_IsActive: 1
--- !u!4 &1794590370
Transform:
  m_ObjectHideFlags: 0
  m_PrefabParentObject: {fileID: 400082, guid: 1d447d051c26ea04caa02aa1711555fc, type: 2}
  m_PrefabInternal: {fileID: 0}
  m_GameObject: {fileID: 1794590369}
  m_LocalRotation: {x: 0, y: -0, z: -0, w: 1}
  m_LocalPosition: {x: -0, y: .043400269, z: .0092689516}
  m_LocalScale: {x: 1, y: 1, z: 1}
  m_Children:
  - {fileID: 334484615}
  m_Father: {fileID: 1856119742}
--- !u!1 &1818559234
GameObject:
  m_ObjectHideFlags: 0
  m_PrefabParentObject: {fileID: 100028, guid: 1d447d051c26ea04caa02aa1711555fc, type: 2}
  m_PrefabInternal: {fileID: 0}
  serializedVersion: 4
  m_Component:
  - 4: {fileID: 1818559235}
  m_Layer: 0
  m_Name: RightLipCorner
  m_TagString: Untagged
  m_Icon: {fileID: 0}
  m_NavMeshLayer: 0
  m_StaticEditorFlags: 0
  m_IsActive: 1
--- !u!4 &1818559235
Transform:
  m_ObjectHideFlags: 0
  m_PrefabParentObject: {fileID: 400028, guid: 1d447d051c26ea04caa02aa1711555fc, type: 2}
  m_PrefabInternal: {fileID: 0}
  m_GameObject: {fileID: 1818559234}
  m_LocalRotation: {x: 0, y: -0, z: -0, w: 1}
  m_LocalPosition: {x: .0382503271, y: -.00510729244, z: .0708584115}
  m_LocalScale: {x: 1, y: 1, z: 1}
  m_Children: []
  m_Father: {fileID: 949194933}
--- !u!1 &1827816001
GameObject:
  m_ObjectHideFlags: 0
  m_PrefabParentObject: {fileID: 100096, guid: 1d447d051c26ea04caa02aa1711555fc, type: 2}
  m_PrefabInternal: {fileID: 0}
  serializedVersion: 4
  m_Component:
  - 4: {fileID: 1827816002}
  m_Layer: 0
  m_Name: RightHandRing1
  m_TagString: Untagged
  m_Icon: {fileID: 0}
  m_NavMeshLayer: 0
  m_StaticEditorFlags: 0
  m_IsActive: 1
--- !u!4 &1827816002
Transform:
  m_ObjectHideFlags: 0
  m_PrefabParentObject: {fileID: 400096, guid: 1d447d051c26ea04caa02aa1711555fc, type: 2}
  m_PrefabInternal: {fileID: 0}
  m_GameObject: {fileID: 1827816001}
  m_LocalRotation: {x: 0, y: 0, z: -.0967943519, w: .995304406}
  m_LocalPosition: {x: .105077356, y: .00363110495, z: -.0193624534}
  m_LocalScale: {x: 1, y: 1, z: 1}
  m_Children:
  - {fileID: 629176200}
  m_Father: {fileID: 32499197}
--- !u!1 &1856119741
GameObject:
  m_ObjectHideFlags: 0
  m_PrefabParentObject: {fileID: 100104, guid: 1d447d051c26ea04caa02aa1711555fc, type: 2}
  m_PrefabInternal: {fileID: 0}
  serializedVersion: 4
  m_Component:
  - 4: {fileID: 1856119742}
  m_Layer: 0
  m_Name: Neck
  m_TagString: Untagged
  m_Icon: {fileID: 0}
  m_NavMeshLayer: 0
  m_StaticEditorFlags: 0
  m_IsActive: 1
--- !u!4 &1856119742
Transform:
  m_ObjectHideFlags: 0
  m_PrefabParentObject: {fileID: 400104, guid: 1d447d051c26ea04caa02aa1711555fc, type: 2}
  m_PrefabInternal: {fileID: 0}
  m_GameObject: {fileID: 1856119741}
  m_LocalRotation: {x: 0, y: -0, z: -0, w: 1}
  m_LocalPosition: {x: -0, y: .13877441, z: -.0435418673}
  m_LocalScale: {x: 1, y: 1, z: 1}
  m_Children:
  - {fileID: 1794590370}
  m_Father: {fileID: 364327010}
--- !u!1 &1878091322
GameObject:
  m_ObjectHideFlags: 0
  m_PrefabParentObject: {fileID: 100132, guid: 1d447d051c26ea04caa02aa1711555fc, type: 2}
  m_PrefabInternal: {fileID: 0}
  serializedVersion: 4
  m_Component:
  - 4: {fileID: 1878091323}
  m_Layer: 0
  m_Name: RightHandIndex3
  m_TagString: Untagged
  m_Icon: {fileID: 0}
  m_NavMeshLayer: 0
  m_StaticEditorFlags: 0
  m_IsActive: 1
--- !u!4 &1878091323
Transform:
  m_ObjectHideFlags: 0
  m_PrefabParentObject: {fileID: 400132, guid: 1d447d051c26ea04caa02aa1711555fc, type: 2}
  m_PrefabInternal: {fileID: 0}
  m_GameObject: {fileID: 1878091322}
  m_LocalRotation: {x: 0, y: -0, z: -0, w: 1}
  m_LocalPosition: {x: .0338546894, y: -9.70587587e-26, z: -6.661338e-18}
  m_LocalScale: {x: 1, y: 1, z: 1}
  m_Children:
  - {fileID: 1502432340}
  m_Father: {fileID: 973992345}
--- !u!1 &1901837673
GameObject:
  m_ObjectHideFlags: 0
  m_PrefabParentObject: {fileID: 100006, guid: 1d447d051c26ea04caa02aa1711555fc, type: 2}
  m_PrefabInternal: {fileID: 0}
  serializedVersion: 4
  m_Component:
  - 4: {fileID: 1901837674}
  m_Layer: 0
  m_Name: LeftFoot
  m_TagString: Untagged
  m_Icon: {fileID: 0}
  m_NavMeshLayer: 0
  m_StaticEditorFlags: 0
  m_IsActive: 1
--- !u!4 &1901837674
Transform:
  m_ObjectHideFlags: 0
  m_PrefabParentObject: {fileID: 400006, guid: 1d447d051c26ea04caa02aa1711555fc, type: 2}
  m_PrefabInternal: {fileID: 0}
  m_GameObject: {fileID: 1901837673}
  m_LocalRotation: {x: 0, y: -0, z: -0, w: 1}
  m_LocalPosition: {x: -.000126047133, y: -.391899973, z: -.00847686734}
  m_LocalScale: {x: 1, y: 1, z: 1}
  m_Children:
  - {fileID: 1067707223}
  m_Father: {fileID: 1655083267}
--- !u!1 &1919880773
GameObject:
  m_ObjectHideFlags: 0
  m_PrefabParentObject: {fileID: 100154, guid: 1d447d051c26ea04caa02aa1711555fc, type: 2}
  m_PrefabInternal: {fileID: 0}
  serializedVersion: 4
  m_Component:
  - 4: {fileID: 1919880774}
  m_Layer: 0
  m_Name: RightLipLower
  m_TagString: Untagged
  m_Icon: {fileID: 0}
  m_NavMeshLayer: 0
  m_StaticEditorFlags: 0
  m_IsActive: 1
--- !u!4 &1919880774
Transform:
  m_ObjectHideFlags: 0
  m_PrefabParentObject: {fileID: 400154, guid: 1d447d051c26ea04caa02aa1711555fc, type: 2}
  m_PrefabInternal: {fileID: 0}
  m_GameObject: {fileID: 1919880773}
  m_LocalRotation: {x: 0, y: -0, z: -0, w: 1}
  m_LocalPosition: {x: .0142508168, y: -.0202611368, z: .0923859477}
  m_LocalScale: {x: 1, y: 1, z: 1}
  m_Children: []
  m_Father: {fileID: 949194933}
--- !u!1 &1966729406
GameObject:
  m_ObjectHideFlags: 0
  m_PrefabParentObject: {fileID: 100102, guid: 1d447d051c26ea04caa02aa1711555fc, type: 2}
  m_PrefabInternal: {fileID: 0}
  serializedVersion: 4
  m_Component:
  - 4: {fileID: 1966729407}
  m_Layer: 0
  m_Name: LeftLipLower
  m_TagString: Untagged
  m_Icon: {fileID: 0}
  m_NavMeshLayer: 0
  m_StaticEditorFlags: 0
  m_IsActive: 1
--- !u!4 &1966729407
Transform:
  m_ObjectHideFlags: 0
  m_PrefabParentObject: {fileID: 400102, guid: 1d447d051c26ea04caa02aa1711555fc, type: 2}
  m_PrefabInternal: {fileID: 0}
  m_GameObject: {fileID: 1966729406}
  m_LocalRotation: {x: 0, y: -0, z: -0, w: 1}
  m_LocalPosition: {x: -.0142508168, y: -.0202611368, z: .0923859477}
  m_LocalScale: {x: 1, y: 1, z: 1}
  m_Children: []
  m_Father: {fileID: 949194933}
--- !u!1 &1968031238
GameObject:
  m_ObjectHideFlags: 0
  m_PrefabParentObject: {fileID: 100134, guid: 1d447d051c26ea04caa02aa1711555fc, type: 2}
  m_PrefabInternal: {fileID: 0}
  serializedVersion: 4
  m_Component:
  - 4: {fileID: 1968031239}
  m_Layer: 0
  m_Name: LeftHandThumb1
  m_TagString: Untagged
  m_Icon: {fileID: 0}
  m_NavMeshLayer: 0
  m_StaticEditorFlags: 0
  m_IsActive: 1
--- !u!4 &1968031239
Transform:
  m_ObjectHideFlags: 0
  m_PrefabParentObject: {fileID: 400134, guid: 1d447d051c26ea04caa02aa1711555fc, type: 2}
  m_PrefabInternal: {fileID: 0}
  m_GameObject: {fileID: 1968031238}
  m_LocalRotation: {x: 0, y: -0, z: -0, w: 1}
  m_LocalPosition: {x: -.0237851329, y: -.0100289928, z: .0262093581}
  m_LocalScale: {x: 1, y: 1, z: 1}
  m_Children:
  - {fileID: 1115922766}
  m_Father: {fileID: 934291651}
--- !u!1 &2057732109
GameObject:
  m_ObjectHideFlags: 0
  m_PrefabParentObject: {fileID: 100032, guid: 1d447d051c26ea04caa02aa1711555fc, type: 2}
  m_PrefabInternal: {fileID: 0}
  serializedVersion: 4
  m_Component:
  - 4: {fileID: 2057732110}
  m_Layer: 0
  m_Name: LeftHandIndex2
  m_TagString: Untagged
  m_Icon: {fileID: 0}
  m_NavMeshLayer: 0
  m_StaticEditorFlags: 0
  m_IsActive: 1
--- !u!4 &2057732110
Transform:
  m_ObjectHideFlags: 0
  m_PrefabParentObject: {fileID: 400032, guid: 1d447d051c26ea04caa02aa1711555fc, type: 2}
  m_PrefabInternal: {fileID: 0}
  m_GameObject: {fileID: 2057732109}
  m_LocalRotation: {x: 0, y: 0, z: .232592776, w: .972574234}
  m_LocalPosition: {x: -.0560193658, y: -.00476007909, z: -1.35973096e-07}
  m_LocalScale: {x: 1, y: 1, z: 1}
  m_Children:
  - {fileID: 21069548}
  m_Father: {fileID: 1104535764}
--- !u!1 &2067151247
GameObject:
  m_ObjectHideFlags: 0
  m_PrefabParentObject: {fileID: 100094, guid: 1d447d051c26ea04caa02aa1711555fc, type: 2}
  m_PrefabInternal: {fileID: 0}
  serializedVersion: 4
  m_Component:
  - 4: {fileID: 2067151248}
  m_Layer: 0
  m_Name: RightLeg
  m_TagString: Untagged
  m_Icon: {fileID: 0}
  m_NavMeshLayer: 0
  m_StaticEditorFlags: 0
  m_IsActive: 1
--- !u!4 &2067151248
Transform:
  m_ObjectHideFlags: 0
  m_PrefabParentObject: {fileID: 400094, guid: 1d447d051c26ea04caa02aa1711555fc, type: 2}
  m_PrefabInternal: {fileID: 0}
  m_GameObject: {fileID: 2067151247}
  m_LocalRotation: {x: 0, y: -0, z: -0, w: 1}
  m_LocalPosition: {x: -0, y: -.417299986, z: -.0172996521}
  m_LocalScale: {x: 1, y: 1, z: 1}
  m_Children:
  - {fileID: 243620959}
  m_Father: {fileID: 883684773}
--- !u!1 &2071486100
GameObject:
  m_ObjectHideFlags: 0
  m_PrefabParentObject: {fileID: 100064, guid: 1d447d051c26ea04caa02aa1711555fc, type: 2}
  m_PrefabInternal: {fileID: 0}
  serializedVersion: 4
  m_Component:
  - 4: {fileID: 2071486101}
  m_Layer: 0
  m_Name: LeftNostril
  m_TagString: Untagged
  m_Icon: {fileID: 0}
  m_NavMeshLayer: 0
  m_StaticEditorFlags: 0
  m_IsActive: 1
--- !u!4 &2071486101
Transform:
  m_ObjectHideFlags: 0
  m_PrefabParentObject: {fileID: 400064, guid: 1d447d051c26ea04caa02aa1711555fc, type: 2}
  m_PrefabInternal: {fileID: 0}
  m_GameObject: {fileID: 2071486100}
  m_LocalRotation: {x: 0, y: -0, z: -0, w: 1}
  m_LocalPosition: {x: -.0214520786, y: .0171410367, z: .157358557}
  m_LocalScale: {x: 1, y: 1, z: 1}
  m_Children: []
  m_Father: {fileID: 334484615}
--- !u!1 &2085708210
GameObject:
  m_ObjectHideFlags: 0
  m_PrefabParentObject: {fileID: 100184, guid: 1d447d051c26ea04caa02aa1711555fc, type: 2}
  m_PrefabInternal: {fileID: 0}
  serializedVersion: 4
  m_Component:
  - 4: {fileID: 2085708211}
  m_Layer: 0
  m_Name: LeftLipUpper
  m_TagString: Untagged
  m_Icon: {fileID: 0}
  m_NavMeshLayer: 0
  m_StaticEditorFlags: 0
  m_IsActive: 1
--- !u!4 &2085708211
Transform:
  m_ObjectHideFlags: 0
  m_PrefabParentObject: {fileID: 400184, guid: 1d447d051c26ea04caa02aa1711555fc, type: 2}
  m_PrefabInternal: {fileID: 0}
  m_GameObject: {fileID: 2085708210}
  m_LocalRotation: {x: 0, y: -0, z: -0, w: 1}
  m_LocalPosition: {x: -.0145013221, y: -.00616915943, z: .152763084}
  m_LocalScale: {x: 1, y: 1, z: 1}
  m_Children: []
  m_Father: {fileID: 334484615}
--- !u!1 &2102336824
GameObject:
  m_ObjectHideFlags: 0
  m_PrefabParentObject: {fileID: 100038, guid: 1d447d051c26ea04caa02aa1711555fc, type: 2}
  m_PrefabInternal: {fileID: 0}
  serializedVersion: 4
  m_Component:
  - 4: {fileID: 2102336825}
  m_Layer: 0
  m_Name: LeftHandPinky1
  m_TagString: Untagged
  m_Icon: {fileID: 0}
  m_NavMeshLayer: 0
  m_StaticEditorFlags: 0
  m_IsActive: 1
--- !u!4 &2102336825
Transform:
  m_ObjectHideFlags: 0
  m_PrefabParentObject: {fileID: 400038, guid: 1d447d051c26ea04caa02aa1711555fc, type: 2}
  m_PrefabInternal: {fileID: 0}
  m_GameObject: {fileID: 2102336824}
  m_LocalRotation: {x: 0, y: 0, z: .0907121599, w: .995877206}
  m_LocalPosition: {x: -.099545151, y: -.000310030737, z: -.0396709479}
  m_LocalScale: {x: 1, y: 1, z: 1}
  m_Children:
  - {fileID: 1213850767}
  m_Father: {fileID: 934291651}
--- !u!1 &2103207612
GameObject:
  m_ObjectHideFlags: 0
  m_PrefabParentObject: {fileID: 100046, guid: 1d447d051c26ea04caa02aa1711555fc, type: 2}
  m_PrefabInternal: {fileID: 0}
  serializedVersion: 4
  m_Component:
  - 4: {fileID: 2103207613}
  m_Layer: 0
  m_Name: RightEyelidLower
  m_TagString: Untagged
  m_Icon: {fileID: 0}
  m_NavMeshLayer: 0
  m_StaticEditorFlags: 0
  m_IsActive: 1
--- !u!4 &2103207613
Transform:
  m_ObjectHideFlags: 0
  m_PrefabParentObject: {fileID: 400046, guid: 1d447d051c26ea04caa02aa1711555fc, type: 2}
  m_PrefabInternal: {fileID: 0}
  m_GameObject: {fileID: 2103207612}
  m_LocalRotation: {x: 0, y: -0, z: -0, w: 1}
  m_LocalPosition: {x: .0357169993, y: .0765711218, z: .1158223}
  m_LocalScale: {x: 1, y: 1, z: 1}
  m_Children: []
  m_Father: {fileID: 334484615}
--- !u!1 &2106096527
GameObject:
  m_ObjectHideFlags: 0
  m_PrefabParentObject: {fileID: 100008, guid: 1d447d051c26ea04caa02aa1711555fc, type: 2}
  m_PrefabInternal: {fileID: 0}
  serializedVersion: 4
  m_Component:
  - 4: {fileID: 2106096528}
  m_Layer: 0
  m_Name: RightForeArm
  m_TagString: Untagged
  m_Icon: {fileID: 0}
  m_NavMeshLayer: 0
  m_StaticEditorFlags: 0
  m_IsActive: 1
--- !u!4 &2106096528
Transform:
  m_ObjectHideFlags: 0
  m_PrefabParentObject: {fileID: 400008, guid: 1d447d051c26ea04caa02aa1711555fc, type: 2}
  m_PrefabInternal: {fileID: 0}
  m_GameObject: {fileID: 2106096527}
  m_LocalRotation: {x: 0, y: -0, z: -0, w: 1}
  m_LocalPosition: {x: .276870102, y: 0, z: 0}
  m_LocalScale: {x: 1, y: 1, z: 1}
  m_Children:
  - {fileID: 32499197}
  m_Father: {fileID: 1700505182}
--- !u!1 &2124104121
GameObject:
  m_ObjectHideFlags: 0
  m_PrefabParentObject: {fileID: 100144, guid: 1d447d051c26ea04caa02aa1711555fc, type: 2}
  m_PrefabInternal: {fileID: 0}
  serializedVersion: 4
  m_Component:
  - 4: {fileID: 2124104122}
  m_Layer: 0
  m_Name: RightInnerBrow
  m_TagString: Untagged
  m_Icon: {fileID: 0}
  m_NavMeshLayer: 0
  m_StaticEditorFlags: 0
  m_IsActive: 1
--- !u!4 &2124104122
Transform:
  m_ObjectHideFlags: 0
  m_PrefabParentObject: {fileID: 400144, guid: 1d447d051c26ea04caa02aa1711555fc, type: 2}
  m_PrefabInternal: {fileID: 0}
  m_GameObject: {fileID: 2124104121}
  m_LocalRotation: {x: 0, y: -0, z: -0, w: 1}
  m_LocalPosition: {x: .0186104383, y: .0967895612, z: .149524108}
  m_LocalScale: {x: 1, y: 1, z: 1}
  m_Children: []
  m_Father: {fileID: 334484615}
--- !u!1 &2129006786
GameObject:
  m_ObjectHideFlags: 0
  m_PrefabParentObject: {fileID: 100018, guid: 1d447d051c26ea04caa02aa1711555fc, type: 2}
  m_PrefabInternal: {fileID: 0}
  serializedVersion: 4
  m_Component:
  - 4: {fileID: 2129006787}
  m_Layer: 0
  m_Name: LeftHandPinky3
  m_TagString: Untagged
  m_Icon: {fileID: 0}
  m_NavMeshLayer: 0
  m_StaticEditorFlags: 0
  m_IsActive: 1
--- !u!4 &2129006787
Transform:
  m_ObjectHideFlags: 0
  m_PrefabParentObject: {fileID: 400018, guid: 1d447d051c26ea04caa02aa1711555fc, type: 2}
  m_PrefabInternal: {fileID: 0}
  m_GameObject: {fileID: 2129006786}
  m_LocalRotation: {x: 0, y: -0, z: -0, w: 1}
  m_LocalPosition: {x: -.0281134248, y: -9.70587772e-26, z: -2.220446e-18}
  m_LocalScale: {x: 1, y: 1, z: 1}
  m_Children:
  - {fileID: 1251972209}
  m_Father: {fileID: 1213850767}
--- !u!1 &2138130530
GameObject:
  m_ObjectHideFlags: 0
  m_PrefabParentObject: {fileID: 100000, guid: 1d447d051c26ea04caa02aa1711555fc, type: 2}
  m_PrefabInternal: {fileID: 0}
  serializedVersion: 4
  m_Component:
  - 4: {fileID: 2138130531}
  m_Layer: 0
  m_Name: LeftEye
  m_TagString: Untagged
  m_Icon: {fileID: 0}
  m_NavMeshLayer: 0
  m_StaticEditorFlags: 0
  m_IsActive: 1
--- !u!4 &2138130531
Transform:
  m_ObjectHideFlags: 0
  m_PrefabParentObject: {fileID: 400000, guid: 1d447d051c26ea04caa02aa1711555fc, type: 2}
  m_PrefabInternal: {fileID: 0}
  m_GameObject: {fileID: 2138130530}
  m_LocalRotation: {x: 0, y: -0, z: -0, w: 1}
  m_LocalPosition: {x: -.0357169993, y: .0765711218, z: .1158223}
  m_LocalScale: {x: 1, y: 1, z: 1}
  m_Children: []
  m_Father: {fileID: 334484615}
